2430 3854
122 164 185 226 124
439 168 527 218 ΠΕΡΙ
545 166 673 219 Κωυοκ
691 168 826 222 υοΜΗΣ.

121 311 181 392 τὴν
208 314 273 373 ΑΒ
302 310 396 393 ἤχθω
426 334 475 386 τις
503 310 618 374 εὐθεῖα
645 309 664 391 ἡ
694 313 768 376 ΓΛ.
814 310 912 395 λέγω,
941 314 991 377 ὅτι
1019 312 1040 395 ἡ
1072 317 1133 377 ΓΛ

121 415 203 499 πρὸς
220 421 291 479 AA
314 419 444 499 μείζονα
468 419 569 497 λόγον
591 419 655 499 ἔχει
678 417 759 503 ἤπερ
783 417 803 501 ἡ
828 421 889 482 ΓΒ
913 421 996 503 πρὸς
1014 424 1090 484 BA.

187 523 281 604 ἤχθω
309 522 398 607 παρὰ
425 523 486 604 τὴν
515 525 575 586 ΓΒ
604 522 623 604 ἡ
654 529 728 587 ΛΕ.
783 522 851 588 έκεὶ
879 523 967 611 ὀρθή
996 524 1086 590 ἐστιν
1114 525 1133 608 ἡ

120 628 186 693 ὑπὸ
200 634 270 691 AA
276 631 313 711 Γ,
333 627 470 712 ἀμβλεῖα
490 630 553 714 άροι
571 627 591 710 ἡ
606 628 671 692 ὑπὸ
686 635 719 692 A
724 635 756 694 E
761 633 803 693 Γ·
823 634 941 714 μείζων
955 633 1019 718 άροι
1034 633 1055 715 ἡ
1071 636 1139 695 AF

87 744 179 818 ὁτῆς
208 740 283 799 AE.
338 735 358 817 ἡ
386 737 450 821 άρα
479 738 540 798 ΓΛ
571 736 654 819 πρὸς
681 741 747 799 ΛΑ
781 739 913 820 μείζονά
940 740 1043 819 λόγον
1072 742 1135 822 ἕχει

122 843 204 927 ἥπερ
224 840 326 923 ἡΕΛ
344 842 428 925 πρὸς
442 846 518 923 ΛΑ,
542 840 712 905 τουτέστιν
735 843 817 927 ἤπερ
836 842 856 924 ἡ
877 846 938 907 ΓΒ
956 845 1040 930 πρὸς
1061 849 1134 908 BA.

606 1113 650 1171 γ.

188 1230 263 1296 Ἐάν
282 1242 388 1306 κῶνος
402 1230 506 1316 ὀρθὸς
525 1231 581 1294 διὰ
595 1240 653 1315 τῆς
666 1241 816 1316 κορυφῆς
830 1232 996 1309 ἐπιπέδοις
1014 1242 1136 1320 τμηθῇ,

123 1348 190 1402 τῶν
208 1336 393 1421 γινομένων
413 1336 449 1401 έν
463 1349 534 1412 ταῖς
548 1349 662 1421 τομαῖς
681 1339 854 1422 τριγώνων
873 1340 913 1402 τά
930 1345 1004 1416 ἴσας
1019 1344 1135 1424 ἔχοντα

72 1454 105 1501 10
123 1445 235 1527 βάσεις
258 1443 412 1525 ἀλλήλοις
436 1442 526 1508 ἐστὶν
551 1450 614 1508 ἴσοι.

192 1553 273 1615 ἔστω
296 1560 416 1631 κῶνος,
445 1545 485 1614 οὗ
508 1552 639 1635 κορυφὴ
662 1547 723 1634 μέν
746 1553 782 1615 τὸ
806 1558 838 1615 A
862 1564 1012 1636 σημεῖον,
1042 1555 1137 1636 βάσις

127 1653 163 1720 δέ
192 1656 209 1721 ὁ
237 1654 313 1742 περὶ
341 1657 378 1720 τὸ
401 1660 429 1719 Β
457 1654 595 1742 κέντρον
622 1658 756 1741 κύκλος,
789 1666 848 1723 τοῦ
877 1655 914 1722 δέ
940 1660 1053 1724 κώνου
1082 1661 1137 1724 διά

125 1772 183 1846 τῆς
210 1770 359 1849 κορυφῆς
386 1762 569 1846 τμηθέντος
597 1762 762 1839 έκιτέὸοις
787 1766 979 1848 γεγενήσθω
1007 1768 1050 1830 τά
1073 1767 1136 1831 ὑπὸ

125 1879 183 1952 τῆς
197 1878 297 1952 τομῆς
311 1871 472 1952 γενόμενοι
486 1872 650 1954 τρίγωνά.
664 1870 715 1934 ὅτι
734 1871 797 1956 γάρ
816 1875 962 1957 τρίγωνα
980 1883 1138 1939 ποιοῦσιν

73 1986 105 2033 15
125 1978 162 2040 αἱ
183 1984 332 2040 τοιαῦται
351 1979 458 2060 τομαί,
482 1975 519 2040 ἐν
537 1977 649 2052 ἄλλοις
669 1977 846 2041 δείκνυται.
883 1981 1078 2061 γεγενήσθω
1098 1981 1137 2062 δὴ

125 2084 164 2146 τά
197 2085 310 2165 ΑΓΛ,
334 2087 435 2147 ΑΕΖ
473 2088 545 2157 ἴσοις
583 2085 699 2165 ἔχοντα
731 2085 789 2160 τὰς
821 2087 896 2169 ΓΔ,
920 2090 984 2149 ΕΖ
1017 2088 1137 2169 βάσεις.

125 2187 224 2271 λέγω,
247 2189 297 2254 ὅτι
321 2189 361 2253 τά
384 2194 416 2252 Α
423 2192 497 2271 ΓΛ,
516 2193 617 2253 ΑΕΖ
641 2193 785 2275 τρίγωνα
810 2196 865 2254 έσα
889 2190 987 2257 ἐστίν.

193 2292 261 2359 ἐπεὶ
284 2296 347 2382 γάρ
376 2296 413 2359 αἴ
433 2318 467 2358 τε
489 2294 602 2378 βάσεις
631 2301 699 2360 ἴσαι
729 2296 899 2380 ἀλλήλαις,
929 2303 997 2361 ἴσαι
1023 2296 1062 2363 δὲ
1084 2297 1136 2363 καὶ

126 2402 163 2466 αἱ
183 2404 258 2485 ΑΓ,
276 2407 356 2484 ΑΛ,
375 2406 456 2483 ΛΕ,
476 2406 556 2480 ΑΖ,
584 2399 639 2465 καὶ
662 2402 699 2465 τὸ
722 2406 888 2486 τρίγωνον
911 2405 975 2488 άροι
999 2416 1045 2492 τῷ
1070 2430 1135 2490 τρι-

74 2518 108 2566 20
127 2510 222 2595 γώνω
249 2514 330 2573 ἴσον.

609 2665 653 2730 θ’.

191 2787 245 2854 Ἐν
264 2801 332 2864 τοῖς
350 2789 468 2875 ὀρθοῖς
487 2792 607 2868 κώνοις
625 2792 665 2855 τά
684 2793 780 2875 ὅμοια
799 2795 944 2878 τρίγωνα
964 2800 1020 2858 ἴσα
1041 2796 1132 2878 ἀλλή-

128 2900 198 2971 λοις
222 2895 320 2961 ἐστίν.

198 3165 222 3212 2.
242 3159 310 3248 AA]
329 3157 381 3226 τὴν
400 3164 497 3227 AAp.
585 3165 608 3214 3.
634 3158 711 3231 ἐκεί]
730 3161 779 3214 καὶ
798 3159 902 3230 §accip
990 3171 1015 3219 4.
1041 3168 1121 3220 ΔΑΓ

127 3226 359 3298 ΔΑΓγωνίοιμ.
446 3230 553 3300 ἡβρνη
574 3229 728 3300 έστὶνὴρ.
816 3238 839 3286 5.
862 3179 997 3322 PpA]vp‚
1024 3241 1121 3290 PAue

128 3301 230 3369 PAV,
257 3303 347 3354 PAO
421 3302 489 3392 AA]
509 3301 560 3370 την
579 3307 676 3370 AAp
750 3308 774 3356 9
793 3301 845 3374 τοι]
863 3302 954 3366 vace
1033 3314 1071 3362 10.
1090 3309 1131 3360 άλ-

127 3371 219 3439 λήλοις
243 3371 316 3425 ἐστὶν
341 3369 402 3442 loa]
432 3371 478 3460 έροι
497 3371 623 3439 ἀλλήλοις
642 3370 715 3427 ἐστίν
699 3392 764 3442 v.p
857 3381 897 3429 11.
922 3378 961 3448 A]
984 3388 1129 3445 πρῶτονο.

160 3448 203 3496 14
222 3442 374 3515 γενόμενοι]
393 3443 527 3512 γινόμενοι
546 3442 656 3512 Halley.
731 3450 771 3499 15.
791 3454 919 3500 τοιαῦται
937 3467 1010 3517 τομοι
971 3447 1104 3540 papi]
1056 3469 1104 3517 τομ
1105 3445 1131 3500 αἱ

109 3508 244 3580 αυταιρ.
314 3522 358 3571 16.
379 3514 506 3590 ἰσοις]μ,
532 3513 578 3570 ἴσοι
598 3532 612 3569 e
635 3517 665 3569 eh
683 3517 752 3570 em.
768 3533 833 3586 pag.
808 3517 885 3571 ⁰.V
951 3526 994 3574 17.
1013 3519 1072 3592 ἶσα]
1090 3517 1130 3572 ἰσοι
