2430 3854
122 163 165 227 32
203 159 205 165 '
390 166 477 216 ΠΕΡΙ
494 145 710 216 Κναιαλεον
729 163 866 216 ΤοΜΗΣ.

123 306 240 385 ἄξονος
267 302 361 390 ήκται
388 310 463 374 οὐτε
486 309 702 393 παραλλήλοις
724 317 769 395 τῷ
793 306 900 390 ἄξονι,
927 306 947 389 ή
971 310 1051 370 ΛΜ
1070 307 1137 390 ἄρα

123 413 174 478 ἐπ’
204 416 340 499 ἄπειρον
367 412 588 498 ἐκβαλλομένη
616 425 706 497 τεμεῖ
731 415 790 478 τὸν
816 411 929 490 ἄξονα·
958 423 1049 496 τεμεῖ
1069 413 1136 497 ἄρα

122 517 177 584 καὶ
203 521 265 602 τήν
295 524 365 584 ΘΝ
388 520 601 604 παράλληλον
624 516 729 584 οὐσαν
751 529 796 606 τῷ
820 517 926 596 ἄξονι·
964 517 1136 602 ἀμφοτέρα

122 627 185 710 γάρ
209 625 245 690 ἐν
267 634 312 712 τῷ
335 629 402 689 ΘΚ
420 627 505 689 είσιν
523 623 674 713 ἐπιπέδῳ.
711 622 852 709 τεμνέτω
872 626 913 708 δὴ
932 625 1070 688 κατὰτὸ
1089 629 1136 708 N,

89 729 177 797 σκαὶ
201 732 411 817 ἐκβεβλήσθω
436 730 490 815 ἐφ’
514 730 648 816 ἑκάτερα
671 733 691 816 ἡ
713 736 789 796 ΘΝ.
831 731 889 796 ἐάν
912 732 953 814 δή
976 729 1137 814 μένοντος

122 848 182 902 τοῦ
206 835 324 915 ἄξονος
345 835 401 902 καὶ
424 849 491 903 τῶν
514 839 645 903 κύκλων
667 839 687 922 ἡ
709 842 781 902 ΘΝ
799 843 1047 922 περιενεχθεῖσα
1070 839 1137 901 σὺν

122 956 193 1021 ταῖς
225 942 412 1028 διαμέτροις
445 944 715 1029 ἀποκατασταθῇ,
752 943 884 1026 αὐξήσει
916 946 976 1027 τήν
1008 938 1068 1008 τοῦ
1103 942 1136 1020 ἐξ

123 1049 224 1135 άρχής
246 1051 429 1133 κυλίνδρου
453 1048 649 1133 ἐπιφάνειαν
671 1051 753 1114 κατά
776 1051 812 1114 τὸ
835 1050 931 1132 ὕψος,
954 1047 1009 1113 καί
1032 1066 1136 1133 προσ-

122 1155 341 1240 εκβληθέντος
363 1165 423 1220 τοῦ
444 1161 508 1221 ΖΕ
525 1155 681 1221 ἐπιπέδου
700 1155 921 1239 αὐξηθήσεται
939 1153 994 1219 καλ
1012 1155 1032 1238 ἡ
1052 1157 1136 1240 τομή

72 1277 105 1324 10
123 1261 218 1347 μέχρι
241 1271 301 1328 τοῦ
320 1266 368 1326 Ν·
400 1264 436 1327 τὸ
456 1261 490 1327 δ’
511 1264 592 1328 αὐτὸ
617 1266 706 1328 ἐσται
725 1262 779 1327 καί
798 1261 851 1328 ἐπὶ
870 1263 910 1326 τά
929 1265 970 1345 Γ,
990 1266 1021 1326 Λ
1039 1260 1137 1346 μέρη·

122 1368 143 1450 ή
163 1372 202 1432 Ν
204 1372 243 1432 Η
243 1373 307 1432 ΕΡ
322 1370 386 1455 ἄρα
404 1371 488 1452 τομή
506 1367 575 1434 ἐστι
593 1371 786 1455 κυλίνδρου,
805 1370 859 1433 οἵα
877 1367 932 1433 καλ
950 1368 987 1433 έν
1005 1378 1051 1455 τῷ
1070 1371 1136 1453 πρὸ

123 1474 243 1538 τούτου
271 1477 470 1559 θεωρήματι.
514 1476 535 1558 ἡ
561 1480 599 1540 Ν
601 1480 705 1541 ΗΕΡ
724 1478 788 1560 ἄρα
811 1477 892 1559 τομή
917 1477 993 1540 οᾶτε
1016 1476 1138 1552 κύκλος

123 1580 199 1644 οὐτε
222 1581 461 1665 εὐθύγραμμόν
484 1581 565 1646 ἐστι·
588 1580 643 1646 καὶ
666 1581 686 1664 η
707 1585 813 1646 ΓΕΗ
815 1586 842 1645 Ζ
866 1583 929 1666 ἄρα
952 1584 1034 1665 τομή
1059 1582 1137 1647 οὐτε

123 1687 361 1772 εὐθύγραμμον
393 1689 470 1753 οὐτε
501 1689 621 1764 κύκλος
653 1690 728 1754 οὐτε
759 1698 867 1772 τμῆμα
894 1689 1033 1771 κύκλου,
1061 1687 1135 1753 ἄλλ’

71 1806 103 1854 15
123 1791 214 1858 ἐστὶν
236 1795 256 1878 ἡ
280 1795 415 1877 τοιαύτη
438 1796 521 1878 τομή
545 1796 727 1879 κυλίνδρου
750 1798 841 1879 τομή.

602 2014 657 2054 ια.

187 2114 263 2179 Ἐάν
299 2115 478 2198 κύλινδρος
509 2113 651 2202 ἐπιπέδῳ
685 2121 795 2198 τμηθή
828 2115 884 2178 διὰ
916 2123 976 2178 τοῦ
1009 2113 1137 2198 ἄξονος,

121 2228 237 2307 ληφθῇ
253 2220 290 2286 δέ
308 2245 339 2285 τι
359 2233 497 2306 σημεῖον
511 2219 564 2286 ἐπὶ
582 2230 640 2305 τῆς
658 2231 717 2286 τοῦ
736 2223 919 2305 κυλίνδρου
934 2220 1138 2306 ἐπιφανείας,

123 2327 140 2391 δ
169 2330 213 2410 μή
237 2326 326 2391 ἐστιν
350 2325 401 2391 ἐπί
424 2336 482 2410 τῆς
504 2332 649 2412 πλευρᾶς
671 2335 731 2392 τοῦ
755 2327 811 2390 διά
834 2336 894 2392 τοῦ
918 2327 1036 2406 ἄξονος
1053 2350 1138 2409 παρ-

70 2445 104 2493 20
123 2431 410 2517 αλληλογράμμου,
429 2431 484 2497 καὶ
503 2431 559 2497 ἄπ’
581 2434 684 2498 αὐτοῦ
704 2432 792 2518 ἄχθη
811 2457 861 2510 τις
879 2435 993 2498 εὐθεῖα
1011 2435 1139 2519 παράλ-

123 2544 221 2621 ληλος
244 2539 359 2624 εὐθείᾳ
382 2543 462 2621 τινί,
487 2540 559 2622 ήτις
583 2539 687 2626 ἐντῷ
711 2539 799 2627 αὐτῷ
824 2538 965 2628 ἐπιπέδῳ
990 2536 1074 2605 οὐσα
1098 2552 1138 2626 τη

122 2644 216 2727 βάσει
243 2652 303 2706 τοῦ
331 2644 514 2729 κυλίνδρου
546 2646 629 2729 πρὸς
661 2644 767 2729 ὀρθάς
795 2645 862 2710 ἐστι
890 2655 928 2731 τῇ
958 2647 1053 2729 βάσει
1076 2658 1137 2713 τοῦ

124 2750 179 2813 διά
202 2758 262 2813 τοῦ
286 2747 404 2825 ἄξονος
423 2750 777 2834 παραλληλογράμμου,
802 2751 894 2828 ἐντὸς
911 2765 1058 2817 πεσεῖται
1076 2764 1138 2819 τοῦ

123 2855 467 2939 παραλληλογράμμου
481 2853 536 2919 καί
549 2855 858 2941 προσεκβαλλομένη
872 2856 933 2934 ἕως
947 2869 1007 2923 τοῦ
1022 2856 1137 2944 ἑτέρου

196 3074 219 3120 3.
242 3068 318 3138 ΘΝ]
341 3069 408 3122 ΘΜ
421 3084 448 3136 p,
468 3067 518 3120 sed
537 3084 604 3122 corr.
661 3075 684 3122 ’1.
705 3067 733 3133 ἐξ
752 3069 850 3140 ἀρχῆς]
869 3084 923 3123 om.
936 3086 963 3137 p.
1020 3075 1045 3123 8.
1064 3068 1139 3124 κατὰ

123 3139 154 3194 τὸ
173 3135 255 3207 ύψος,
275 3135 336 3209 καί]
356 3137 400 3191 bis
419 3155 434 3191 ο
454 3142 522 3193 extr.
543 3143 572 3192 et
589 3139 650 3193 init.
670 3156 736 3209 pag.
819 3145 842 3194 9.
865 3140 932 3210 ZE]
951 3157 984 3207 p,
1008 3141 1064 3199 ΞΕ
1083 3141 1137 3196 Vc.

161 3216 202 3264 10.
224 3210 264 3281 Γ]
284 3225 299 3262 ο
318 3226 386 3264 corr.
406 3228 433 3278 p.
507 3216 547 3264 12.
569 3214 601 3262 N
605 3211 707 3282 HEP]
729 3213 793 3264 NH
810 3226 824 3263 e
844 3228 912 3266 corr.
931 3229 959 3279 p.
1024 3211 1139 3283 κύκλος]

124 3282 225 3343 κύκλος
235 3278 309 3335 ἐστίν
318 3299 345 3349 p.
398 3287 439 3334 13.
453 3280 508 3334 έστι
517 3313 552 3320 -—
563 3288 603 3336 14.
614 3282 726 3353 κύκλος]
737 3298 790 3336 om.
801 3301 827 3351 p.
881 3289 921 3337 15.
936 3281 1007 3350 τομή
1016 3282 1101 3355 (alm
1111 3302 1138 3352 p,

124 3378 210 3439 τομῆς
223 3370 327 3424 κύκλου
342 3369 396 3438 Vc,
415 3375 482 3438 τομξ
499 3369 559 3422 cod.
574 3369 662 3423 Paris.
678 3375 747 3423 2367
769 3369 832 3424 add.
847 3378 940 3439 τμῆμα
954 3369 985 3423 in
998 3388 1051 3426 τοο.
1064 3389 1102 3426 m.
1114 3378 1139 3441 2,

125 3450 210 3510 τομῆς
234 3449 328 3509 τμῆμα
356 3440 458 3510 Halley
481 3457 543 3493 cum
567 3440 670 3495 Oomm,
763 3446 804 3496 19.
833 3442 901 3495 Post
922 3450 971 3511 τῆς
1000 3442 1054 3496 del.
1079 3443 1140 3498 ἐπι-

113 3510 240 3573 φανείας
260 3530 282 3565 θ,
