2430 3854
122 154 164 218 38
392 157 480 208 ΠΕΡΙ
497 157 713 208 ΚΤΑΙΝΔΡΟΤ
732 157 868 209 ΤΟΜΗΣ.

123 301 296 383 τετμήσθω
325 299 342 364 ὁ
370 300 562 386 κύλινδρος,
586 301 631 376 ὡς
653 306 794 386 εἴρηται,
818 298 959 387 ἐπιπέδῳ
982 308 1140 366 ποιοῦντι

124 408 186 489 τὴν
213 409 352 470 ΕΖΗΘ
379 409 498 490 τομήν,
528 408 611 471 ὥστε
639 409 895 490 συμπιπτόντων
921 415 981 471 τοῦ
1014 430 1050 471 τε
1079 416 1140 491 τῆς

124 517 263 577 ΕΖΗΘ
289 521 390 596 τομῆς
417 511 555 578 καὶτοῦ
578 523 636 597 τῆς
659 516 729 577 ΑΓ
747 513 872 596 βάσεως
896 511 1053 578 ἐπιπέδου
1076 516 1139 598 τὴν

124 620 240 703 κοινὴν
263 621 368 702 τομὴν
390 620 452 703 τὴν
475 623 543 683 ΚΛ
566 620 648 705 πρὸς
672 620 778 705 ὀρθὰς
801 615 885 684 εἶναι
908 630 947 705 τῇ
971 623 1065 684 ΓΑΛ
1084 621 1139 684 εὐν

89 728 211 813 ὅθείῳ,
233 724 289 790 καὶ
313 725 376 790 ἀπὸ
400 734 458 809 τῆς
481 730 588 790 ΕΖΗ
606 735 708 810 τομῆς
730 728 824 810 ἤχθω
848 750 897 801 τις
920 727 1036 790 εὐθεῖα
1055 748 1139 813 παρ-

124 832 265 916 άλληλος
283 841 322 916 τῇ
337 832 439 915 1(Λὴ
456 836 532 896 ΖΜ
540 831 596 896 καὶ
613 836 899 918 προσεκβληθείσα
917 833 1138 917 περατούσθῳ

122 939 205 1003 κατὰ
223 940 261 1004 τὸ
280 937 393 1025 ἕτερον
410 936 509 1025 μέρος
527 948 584 1022 τῆς
603 939 796 1024 ἐπιφανείας
813 941 895 1004 κατὰ
913 941 951 1004 τὸ
973 944 1008 1004 Θ.
1042 939 1139 1024 λέγω,

124 1045 174 1110 ὄτι
202 1045 222 1128 ἡ
253 1050 330 1110 ΖΜ
351 1050 461 1111 πίπτει
490 1045 542 1111 ἐπὶ
570 1049 740 1131 τὴνΕΗ,
768 1045 823 1111 καὶ
851 1047 901 1111 ὄτι
926 1053 980 1129 ίση
1004 1044 1095 1111 ἐστὶν
1119 1048 1139 1131 ἡ

125 1156 203 1216 ΖΜ
220 1163 260 1238 τῇ
284 1157 367 1216 ΜΘ.

72 1286 105 1335 10
191 1275 260 1341 ἐπεὶ
287 1277 350 1361 γὰρ
379 1276 415 1341 ἐν
441 1287 481 1363 τῇ
504 1282 612 1342 ΕΖΗ
634 1287 716 1362 τομῇ
744 1276 952 1363 παράλληλος
980 1272 1074 1360 ἦκται
1099 1287 1139 1363 τῇ

122 1387 192 1448 ΚΛ
221 1382 241 1464 ἡ
272 1386 356 1467 ΖΜ,
390 1382 481 1460 ἐντὸς
511 1385 575 1470 ἄρα
607 1386 716 1448 πίπτει
746 1393 806 1448 τοῦ
838 1387 903 1448 ΓΛ
932 1389 1140 1469 παραλληλο-

123 1489 286 1574 γράμμου.
341 1488 409 1554 ἐπεὶ
442 1489 482 1554 δέ
511 1490 601 1554 ἐστιν
630 1491 650 1574 ἡ
682 1487 743 1574 μὲν
776 1494 853 1554 ΖΜ
877 1491 993 1555 εὐθεῖα
1026 1491 1062 1556 ἐν
1093 1500 1139 1578 τῷ

123 1599 262 1660 ΕΖΗΘ
290 1594 447 1683 ἐπιπέδῳ,
474 1595 494 1679 ἡ
523 1593 559 1660 δὲ
587 1601 659 1660 ΕΗ
684 1597 779 1679 κοινὴ
807 1598 890 1680 τομή
919 1596 1008 1662 ἐστιν
1032 1597 1138 1662 αὐτοῦ

123 1701 178 1766 καὶ
205 1711 265 1766 τοῦ
290 1706 354 1767 ΓΔ
381 1702 740 1789 παραλληλογράμμου,
769 1703 788 1786 ἡ
819 1707 895 1767 ΖΜ
912 1704 976 1789 ὄρα
1000 1702 1053 1768 ἐπὶ
1077 1705 1139 1787 τὴν

72 1818 104 1867 15
124 1814 195 1873 ΕΗ
216 1812 336 1874 πίπτει.

191 1935 240 2000 ὄτι
269 1931 306 1998 δέ
333 1933 388 1999 καί
415 1936 436 2019 ἡ
466 1940 543 1999 ΖΜ
565 1945 604 2021 τῇ
629 1939 702 1999 ΜΘ
726 1941 780 2017 λὀη
804 1934 886 2019 ἐστί,
910 1936 1058 2021 φανερὸν
1081 1933 1138 1999 καὶ

124 2041 204 2105 αὐτὸ
228 2042 285 2105 διδι
308 2042 345 2106 τὸ
368 2043 432 2128 πρὸ
455 2042 576 2106 τούτου
599 2042 767 2127 θεώρημα.

190 2167 308 2231 λοιπὸν
331 2167 384 2230 δεῖ
406 2164 518 2250 δεῖξαι,
543 2167 592 2231 ὄτι
615 2165 636 2248 ἡ
656 2170 725 2231 ΚΛ
743 2166 851 2251 ὀρθοῦ
874 2161 935 2249 μέν
958 2167 1053 2241 ὄντος
1076 2174 1138 2230 τοῦ

123 2274 306 2358 κυλίνδρου
329 2272 350 2355 ἢ
373 2283 433 2338 τοῦ
458 2276 524 2338 ΓΛ
546 2275 629 2358 πρὸς
652 2272 758 2359 ὀρθὰς
781 2275 877 2348 ὄντος
899 2282 938 2357 τῇ
963 2272 1057 2355 βάσει
1076 2281 1137 2337 τοῦ

69 2386 104 2436 20
123 2380 305 2465 κυλίνδρου
338 2381 420 2466 πρὸς
450 2381 556 2466 ὀρθάς
584 2380 653 2444 ἐστι
680 2389 719 2464 τῇ
748 2383 862 2443 ΕΗΛ.
912 2377 981 2444 ἐπεὶ
1008 2380 1072 2464 γὰρ
1100 2380 1138 2443 τὸ

122 2481 184 2569 μέν
214 2489 279 2550 ΓΛ
310 2485 465 2550 ἐπίπεδον
494 2487 577 2572 πρὸς
611 2486 717 2572 ὀρθάς
752 2485 820 2574 ἐστι
854 2495 899 2572 τῷ
926 2493 985 2568 τῆς
1011 2485 1140 2568 βάσεως

122 2590 275 2680 ἐπιπέδῳ,
299 2604 338 2678 τῇ
358 2589 394 2657 δὲ
412 2600 508 2676 κοινῇ
527 2592 638 2656 αὐτῶν
656 2600 739 2677 τομῇ
753 2601 793 2677 τῇ
813 2595 913 2656 ΓΑΛ
931 2593 1013 2676 πρὸς
1031 2591 1140 2677 ὀρθάς

123 2697 213 2761 ἐστιν
236 2697 256 2780 ἡ
276 2702 343 2762 ΚΛ
367 2697 403 2762 ἐν
426 2707 471 2784 τῷ
494 2707 552 2780 τῆς
573 2695 700 2780 βάσεως
723 2697 863 2786 ἐπιπέδῳ
888 2694 985 2781 οὖσα,
1013 2696 1069 2762 καὶ
1093 2707 1138 2786 τῷ

123 2808 227 2891 λοιπῷ
246 2805 310 2889 ὄρα
323 2813 370 2891 τῳ
384 2813 444 2867 τοῦ
460 2807 525 2868 ΓΛ
539 2804 882 2890 παραλληλογράμμου
898 2802 1040 2892 ἐπιπέδῳ
1055 2807 1141 2891 πρὸς

71 2919 105 2968 25
124 2908 230 2995 ὀρθάς
254 2909 352 2975 ἐστιν.

191 3036 222 3098 εί
257 3030 294 3098 δὲ
325 3035 362 3099 τὸ
396 3038 460 3099 ΓΔ
497 3035 558 3100 οόκ
591 3034 659 3099 ἐστι
696 3037 779 3121 πρὸς
815 3036 921 3121 ὀρθὰς
957 3044 997 3120 τῇ
1033 3032 1141 3119 βάσει,

197 3233 221 3281 3.
241 3229 310 3299 ΑΓ]
331 3231 380 3280 ΓΑ
394 3246 420 3296 p.
478 3232 500 3282 7.
521 3226 701 3298 ἐπιφανείας]
722 3225 953 3297 ἐπῖίφανείαςλῑ.
1010 3231 1052 3280 10.
1073 3225 1139 3298 γάρ]

126 3314 194 3351 cont
214 3315 248 3352 ex
266 3296 298 3352 δέ
316 3298 347 3351 in
366 3298 447 3351 scrib.
468 3315 490 3351 ο.
565 3304 606 3352 13.
627 3298 756 3368 ΕΖΗΘ]
774 3317 806 3367 p,
834 3301 953 3352 ΕΖΘΗ
969 3297 1022 3351 Vc,
1099 3303 1140 3352 14.

125 3366 186 3440 καί]
204 3388 233 3423 τε
252 3366 301 3423 καί
318 3389 345 3439 p.
420 3375 461 3422 19.
482 3368 562 3431 ὄντος
580 3401 616 3409 -
634 3375 676 3423 21.
696 3367 798 3441 ὀρθάς]
821 3368 864 3422 bis
883 3369 936 3423 Vc.
1010 3375 1053 3423 21.
1072 3367 1141 3422 Post

126 3439 217 3506 ὀρθάς
225 3457 281 3509 rep.
293 3440 375 3503 ὄντος
383 3438 507 3567 τρῖβοίσει
516 3449 565 3494 τοῦ
575 3438 725 3508 κυλίνδρου
734 3440 804 3508 πρὸς
814 3437 905 3508 ὀρθάς
914 3457 929 3494 e
939 3438 987 3494 lin.
997 3445 1104 3496 19-20
1113 3458 1140 3509 Ρ.

149 3515 192 3560 25,
214 3510 308 3582 ἐστιν]
324 3512 387 3566 ἐατῑ
430 3556 435 3568 .
