2430 3854
418 187 468 236 nn
487 185 662 237 sacriora
681 185 775 240 coru.
1037 185 1099 249 139

87 331 165 395 data
196 330 322 394 ratione
355 334 413 394 est.
469 351 567 413 quare
600 330 628 393 si
659 330 693 394 in
721 330 792 394 basi
820 331 894 394 coni
925 331 1098 395 inserimus

88 441 213 501 rectam
246 435 343 520 duplo
375 435 530 500 maiorem
562 440 652 500 reeta
682 440 755 499 HA
790 442 822 501 et
854 458 911 520 per
942 437 1098 501 insertam

89 542 310 626 ueriieemque
343 541 416 607 coni
448 541 580 625 planum
613 542 773 626 ducimus,
805 542 840 605 in
866 565 948 607 cono
979 543 1099 607 efficiet

90 648 293 735 triangulum
325 648 422 733 duplo
455 648 610 712 maiorem
640 671 737 732 quam
765 652 882 713 ΑΗΔ.
937 670 1015 734 ergo
1043 649 1100 713 iri-

89 756 230 841 angulus
257 755 305 819 ita
332 759 538 820 constructus
567 754 607 818 ad
634 759 666 818 A
673 757 734 818 ΓΔ
765 755 924 819 rationem
956 755 1100 840 habebit,

89 883 188 945 quam
212 865 320 924 ΑΗΔ
335 884 342 924 :
358 865 463 925 ΑΒΔ
486 859 555 924 siue
579 864 614 924 K
625 864 686 923 :A.

575 1054 615 1119 X.

178 1179 212 1244 si
236 1202 335 1245 conus
358 1185 466 1244 reatus
489 1202 548 1263 per
565 1179 721 1243 uerticem
744 1179 849 1262 planis
874 1183 1010 1265 secatur,
1033 1202 1097 1243 uno

87 1310 146 1372 per
174 1309 280 1370 axem,
309 1286 380 1351 aliis
408 1290 516 1349 autem
549 1290 639 1349 extra
667 1307 772 1368 axem,
800 1289 833 1349 ei
860 1284 1100 1370 triangulorum

89 1399 183 1458 extra
197 1415 290 1458 axem
304 1394 491 1458 effectorum
505 1391 621 1475 aliquis
636 1391 801 1476 triangulo
821 1414 878 1476 per
893 1414 985 1456 axem
999 1393 1097 1457 ducto

89 1500 234 1585 aequalis
258 1505 321 1585 esi,
345 1500 413 1564 axis
437 1499 510 1564 coni
534 1498 640 1562 minor
663 1498 725 1562 erit
747 1498 839 1561 radio
862 1498 960 1562 basis.

776 1609 865 1669 secto
889 1627 969 1670 cono
993 1607 1100 1670 effecti

707 1711 772 1774 sint
817 1711 992 1797 trianguli,
1041 1735 1098 1797 per

707 1839 798 1880 axem
810 1819 913 1900 ΑΓΔ,
924 1822 1014 1882 extra
1024 1841 1099 1883 eum

707 1928 816 1987 autem
826 1924 1097 2008 AEZtriangulo
1164 1919 1166 1924 ’

707 2036 738 2093 A
745 2032 809 2093 ΓΛ
852 2028 1010 2113 aequalis,
1056 2029 1099 2093 sit

706 2140 815 2199 eutem
829 2140 861 2198 Ε
866 2140 892 2198 Ζ
911 2139 1018 2200 reatae
1038 2137 1099 2199 ΓΛ

706 2241 860 2324 parallela
892 2241 1099 2324 perpendicu-

706 2346 854 2432 laresque
873 2352 948 2430 AB,
963 2351 1043 2432 ΑΗ,
1066 2352 1099 2412 ei

707 2453 865 2518 ducantur
910 2458 991 2540 BE,
1018 2458 1098 2517 ΒΗ.

707 2558 792 2642 dico,
825 2581 917 2624 axem
944 2565 1011 2625 AB
1039 2561 1099 2624 mi-

706 2686 819 2730 norem
834 2688 904 2731 esse
920 2667 1011 2731 radio
1027 2672 1098 2732 BA.

773 2773 927 2856 quoniam

728 2880 762 2946 Δ
783 2884 885 2943 ΑΕΖ
905 2913 946 2933 =
966 2887 998 2944 A
1005 2885 1065 2944 ΓΑ
1070 2932 1078 2965 ‚

709 2985 808 3049 etiam
851 2987 965 3071 dupla,
1011 2988 1042 3052 h.
1074 3008 1101 3050 e.

89 3094 153 3154 ΕΖ
168 3105 210 3156 ><
225 3094 298 3154 ΗΑ
316 3123 350 3142 =
371 3093 432 3154 ΓΔ
446 3107 487 3156 ><
504 3095 583 3169 ΒΑ;
612 3114 709 3175 quare

148 3181 1050 3262 rA2n2=HA2AB=rmuH=amuri

90 3302 245 3386 quoniam
281 3303 383 3388 igitur
419 3304 482 3367 duo
520 3303 676 3390 trianguli
712 3308 829 3387 BEH,
856 3307 964 3367 ΗΑΒ
1000 3325 1100 3366 unum

89 3457 158 3531 ἐστι]
178 3458 239 3513 ἴσον
258 3459 314 3526 ἄρα
334 3457 390 3513 ἐστί
407 3480 434 3529 p.
525 3458 586 3514 ἴσον
605 3457 679 3531 ἐστί]
702 3477 755 3513 om.
774 3477 802 3527 p.
892 3465 936 3511 22.
961 3458 1103 3526 EZkaixu

88 3535 144 3584 ΕΖ
158 3550 186 3598 p.
261 3536 302 3584 23.
323 3535 387 3586 ΕΗ
396 3533 586 3606 (utrumque)]
602 3532 656 3606 τὴν
676 3535 737 3588 EH
753 3550 786 3602 u.

1119 3540 1136 3631 i
