2430 3854
125 143 190 206 224
439 144 527 194 ΠΕΡΙ
544 142 674 195 Κωιιου
693 144 829 195 ΤυΜΗΣ.

126 287 258 370 ἐδείχθη
287 284 323 351 δὲ
346 286 386 353 τὸ,
408 286 470 351 ἀπὸ
496 291 570 351 ΖΗ
588 289 723 352 ἔλαττον
747 286 767 370 ἣ
792 286 969 352 ὃιπλύσιον
992 296 1054 353 τοῦ
1078 289 1139 354 ἀπὸ

126 398 206 458 ΗΒ·
225 392 262 458 τὸ
283 391 348 479 ἄρα
366 393 429 459 ἀπὸ
447 398 520 458 ΖΗ
532 393 616 480 πρὸς
633 393 670 458 τὸ
691 393 755 458 ιἰιιὸ
774 399 842 459 ΗΒ
862 392 1023 460 ἐλύττονα
1042 399 1140 478 λόχον

126 503 190 583 ἔχει
217 502 299 586 ἥπερ
327 501 364 565 τὸ
392 500 456 565 ἀπὸ
485 506 551 565 ΖΑ
578 501 669 586 πρὸς·
683 503 719 566 τὸ
744 500 807 567 ἀπὸ
830 506 911 565 AB·
936 503 1021 567 ὥστε
1044 500 1139 584 καὶὴ

126 611 199 671 ΖΗ
219 607 302 693 πρὸς
326 612 393 672 ΗΒ
422 606 579 672 ε’λύττονα
608 611 708 689 λόγον
731 611 796 692 ἔχει
819 610 901 694 ἥπερ
924 609 945 691 ἡ
971 614 1038 673 ΖΑ
1060 611 1140 694 πρὸς

90 719 201 778 σΑΒ.
246 713 305 783 ,ἐὰν
329 710 391 779 οὖν
413 713 514 780 πάλιν
538 714 574 780 ἐν
598 725 643 802 τῷ
662 715 771 801 κύκλῳ
791 723 830 800 τῇ
850 718 915 779 ΓΛ
932 716 1018 801 πρὸς
1037 715 1141 801 ὀρθὰς

125 819 276 903 ἀχθῶσιν
299 822 336 885 αι’
354 825 434 904 ΖΚ,
452 825 532 904 ΒΘ,
552 820 727 906 ἐπιζευχθῇ
746 843 781 884 τε
799 820 819 902 ἡ
839 825 914 904 ΒΚ,
933 821 954 904 ἡ
973 826 1042 886 ΒΘ
1059 824 1140 907 πρὸς

126 931 194 991 ΖΚ
218 925 376 991 ε’λύττονα
404 930 504 1010 λόγον
534 930 599 1011 ἔχει
627 928 709 1012 ἤπερ
737 927 757 1010 ἡ
788 932 852 991 ΖΑ
878 928 962 1012 πρὸς
990 934 1071 993 AB·
1105 931 1139 993 τὸ

125 1033 188 1117 ἄρα
219 1034 275 1097 διὰ
304 1043 364 1098 τοῦ
397 1031 513 1111 ἄξονος
542 1030 706 1108 ἰσοσκελὲς
734 1036 869 1099 ἔλαττόν
898 1033 966 1099 ἐστι
994 1044 1056 1099 τοῦ
1086 1037 1139 1100 διὰ

124 1149 182 1221 τῆς
209 1145 242 1204 Α
249 1144 284 1204 Ζ.
335 1139 396 1204 οὐκ
425 1140 490 1226 ἄρα
517 1142 554 1205 τὸ
582 1139 639 1204 διὰ
666 1148 726 1204 τοῦ
751 1138 869 1218 ἄξονος
893 1139 1060 1218 ἰσοσκελὲς
1088 1140 1139 1226 με’-

73 1263 106 1310 10
125 1248 240 1326 χιστόν
272 1245 341 1311 ε’στι
368 1244 503 1311 πάντων
536 1257 618 1330 τῶν,
644 1247 689 1323 ὡς
717 1253 857 1333 εἴρηται,
888 1247 1139 1332 συνισταμένων

127 1353 315 1417 ἰσοσκελῶν.
361 1352 495 1436 ἐδείχθη
519 1351 565 1436 δέ,
589 1353 639 1418 ὅτι
663 1350 741 1417 οὐδὲ
765 1352 950 1438 ε’λύχιστον·
974 1356 1052 1419 ούτε
1076 1357 1139 1440 ἄρα

125 1455 280 1540 μέγιστόν
304 1457 394 1522 ἐστιν
418 1459 494 1523 οὔτε
518 1457 699 1543 ἐλάχιστον.

600 1679 666 1738 W·

183 1773 289 1842 Ἔστω
313 1774 349 1841 δὲ
372 1785 436 1841 νῦν
459 1777 477 1842 ὁ
501 1783 566 1842 ΑΒ
591 1777 680 1856 ἄξων
703 1782 821 1863 μείζων
843 1788 900 1863 τῆς
923 1779 959 1845 ἐκ
981 1791 1043 1845 τοῦ
1066 1780 1138 1846 κέν-

73 1899 105 1948 15
124 1907 221 1970 τρου,
244 1882 299 1948 καὶ
323 1882 359 1948 ε’ν
382 1893 427 1973 τςό
450 1884 544 1973 ὀρθῷ
562 1886 645 1971 πρὸς
663 1887 722 1951 τὸν
740 1887 863 1951 κύκλον
882 1885 1024 1974 ἐπιπέδῳ
1043 1889 1137 1971 ἤχθω

124 1988 264 2067 κάθετος
287 1988 339 2057 ἐπὶ
362 1991 423 2075 τὴν
448 1994 513 2055 ΓΔ
535 1991 556 2073 ἡ
580 1996 654 2056 ΑΕ.

190 2098 210 2181 ἡ
240 2098 280 2180 δὴ
309 2102 378 2161 ΑΒ
402 2098 475 2180 ἤτοι
503 2095 647 2162 ε’λύττων
675 2096 744 2163 ἐστὶ
772 2107 829 2183 τῆς
856 2098 891 2163 ἐκ
914 2108 974 2163 τοῦ
998 2098 1138 2187 κέντρου

129 2203 149 2286 ἣ
176 2205 224 2268 ού.

191 2313 273 2375 ἔστω
296 2308 459 2398 πρότερον
483 2308 640 2394 ἐλάττων,
668 2308 723 2375 καὶ
746 2311 802 2374 διὰ
827 2319 887 2375 τοῦ
910 2318 943 2375 Α
965 2315 1055 2399 παρὰ
1079 2317 1138 2398 τὴν

72 2433 106 2482 20
126 2422 189 2484 ΓΔ
211 2420 306 2501 ἤχθω
330 2415 351 2499 ἡ
371 2421 446 2500 ΑΖ,
471 2417 526 2481 διὰ
550 2413 587 2480 δὲ
608 2421 715 2481 τοῦΒ
739 2417 828 2503 παρὰ
850 2419 911 2500 τὴν
935 2424 1004 2484 ΑΕ
1025 2420 1044 2503 ἡ
1066 2426 1138 2502 ΒΖ,

124 2522 179 2589 καὶ
207 2527 357 2608 συστήτω
389 2522 410 2606 ἡ
437 2523 502 2589 ὑπὸ
531 2527 640 2588 ΒΖΗ
662 2524 705 2607 μὴ
733 2527 850 2606 μείζων
877 2520 961 2589 οὖσα
988 2535 1046 2609 τῆς
1074 2528 1138 2592 ὑπὸ

126 2636 239 2714 ΖΑΒ,
271 2629 327 2695 καλ
359 2629 543 2714 ἐπεζεύχθω
579 2628 600 2712 ἡ
638 2634 717 2693 ΗΑ.
771 2628 872 2696 κύλιν
908 2631 973 2717 ἄρα
1011 2633 1068 2696 διὰ
1100 2635 1139 2698 τὰ

45 2755 47 2759 ’
125 2723 301 2820 δειχθέντα
328 2735 349 2819 ἡ
374 2742 447 2801 ΖΗ
468 2737 551 2822 πρὸς
575 2739 636 2800 ΖΒ
663 2733 821 2800 ε’λύττονα
843 2735 943 2818 λόγον
967 2739 1033 2821 ἔχει
1056 2740 1137 2824 ἥπερ

124 2840 144 2924 ἡ
169 2847 240 2906 ΗΑ
266 2843 350 2928 πρὸς
376 2848 452 2907 AB.
503 2840 572 2907 ἐπεὶ
600 2837 662 2907 οὖν
689 2840 709 2924 ἡ
735 2846 796 2907 ΖΒ
821 2848 874 2925 ἴση
898 2838 982 2908 οὖσα
1010 2854 1049 2931 τῇ
1077 2851 1141 2911 ΑΒ

71 2963 104 3012 25
124 2946 269 3015 ε’λύττων
301 2947 370 3014 ἐστὶ
397 2957 456 3032 τῆς
482 2948 518 3014 ἐκ
545 2957 605 3014 τοῦ
632 2947 786 3037 κέντρου,
809 2953 927 3036 μείζων
954 2947 991 3014 δὲ
1020 2950 1040 3034 ἡ
1072 2956 1141 3016 ΖΗ

124 3065 182 3141 τῆς
205 3061 282 3140 ΖΒ,
305 3054 326 3138 ἡ
350 3055 415 3142 ἄρα
439 3060 512 3120 ΖΗ
528 3058 601 3140 ἤτοι
624 3061 742 3141 μείζων
765 3055 833 3122 ἐστὶ
856 3065 914 3141 τῆς
932 3057 967 3122 ἐκ
985 3066 1046 3123 τοῦ
1066 3058 1138 3123 κε’ν-

123 3188 204 3250 τρου
228 3162 248 3246 ἣ
273 3161 417 3228 ἐλάττων
440 3161 460 3246 ἢ
485 3168 548 3245 ἴση.

194 3361 219 3410 4.
241 3355 310 3427 ΖΗ]
337 3359 385 3410 ΖΒ
403 3374 430 3425 p.
516 3359 539 3410 5.
560 3355 708 3412 ἐάν-’1.
727 3356 793 3428 ΑΒ]
813 3372 866 3411 om.
886 3375 912 3425 p.
1002 3356 1140 3430 6.τε]ὃε’

124 3426 233 3495 Halley.
290 3432 331 3482 10.
352 3426 421 3500 ἐστι]
435 3443 488 3480 om.
502 3445 530 3496 p.
587 3433 628 3482 11.
649 3427 716 3499 ἄρα]
737 3427 792 3495 ἄρα
806 3425 921 3483 πάντων
939 3446 966 3496 p.
1020 3435 1061 3485 13.
1078 3431 1139 3502 χιχ]

113 3513 166 3552 om,
186 3497 235 3569 Vc,
254 3499 345 3573 μα’χ)
365 3501 395 3558 et
412 3517 472 3574 mg.
484 3517 523 3557 m.
536 3499 647 3570 ree.V·,
664 3500 696 3554 σι
712 3497 753 3552 sie
771 3498 911 3566 ύεὶαυυσε,
971 3505 1012 3554 16.
1033 3502 1096 3572 ΓΔ]
1116 3509 1140 3556 Δ
