2430 3854
126 173 169 236 48
397 176 483 226 ΠΕΡΙ
502 175 716 227 ΚΤΛΙΝΔΡΟΤ
735 175 872 228 ΤΟΜΗΣ.

125 317 247 403 μέτρου
266 326 324 401 τῆς
341 326 443 401 τομῆς
460 319 543 402 πρὸς
561 319 598 382 τὸ
619 316 682 382 ἀπὸ
700 326 758 401 τῆς
777 316 933 404 δευτέρας
951 316 1144 404 διαμέτρου,

125 424 145 507 ἡ
166 420 202 488 δέ
221 423 284 488 άπὸ
303 433 361 507 τῆς
374 432 475 508 τομῆς
490 422 542 489 ἐπὶ
557 426 618 507 τὴν
633 422 792 509 δευτέραν
807 425 985 509 διάμετρον
999 424 1143 509 ἀχθεῖσα

125 529 334 615 παράλληλος
357 541 395 616 τῇ
420 529 583 617 διαμέτρῳ
608 531 785 613 δυνησεται
808 534 941 616 χωρίον,
964 532 1049 616 πρὸς
1068 531 1086 596 δ
1106 534 1144 598 τὸ

124 636 189 701 ὑπὸ
213 647 281 700 τῶν
301 636 479 721 τμημάτων
496 647 555 719 της
573 635 729 722 δευτέρας
748 634 926 722 διαμέτρου
944 640 1048 720 λόγον
1067 641 1144 723 ἔχει,

91 743 165 808 ὅὸυ
192 745 229 807 τὸ
258 743 322 808 άπὸ
349 751 408 826 τῆς
435 742 590 828 δευτέρας
617 742 795 828 διαμέτρου
823 745 906 828 πρὸς
933 745 970 808 τὸ
996 743 1062 809 ἀπὸ
1086 755 1145 829 τῆς

125 848 313 935 διαμέτρου.
708 857 711 861 ’

191 959 272 1021 ἔστω
301 957 494 1041 κύλινδρος,
516 954 572 1020 καὶ
598 957 851 1021 κατεσκευάσθω
881 957 925 1033 ὡς
953 956 990 1022 έν
1012 968 1059 1046 τῷ
1084 960 1120 1024 ιδ
1125 957 1142 1025 ’.

125 1062 194 1129 ἐπεὶ
222 1059 284 1129 οὖν
312 1062 446 1146 έδείχθη
475 1064 512 1127 τὸ
539 1059 600 1146 μὲν
622 1063 687 1127 ὑπὸ
711 1074 778 1127 τῶν
801 1068 881 1146 ΕΘ,
906 1067 979 1128 ΘΗ
996 1066 1082 1150 πρὸς
1106 1067 1142 1131 τὸ

126 1169 189 1235 άπὸ
220 1174 297 1253 ΖΘ,
326 1169 371 1245 ὡς
398 1171 435 1233 τὸ
464 1168 526 1233 ἀπὸ
555 1179 613 1252 της
639 1173 714 1234 ΕΗ
733 1170 817 1255 πρὸς
838 1171 876 1234 τὸ
900 1169 964 1235 άπὸ
987 1179 1047 1254 τῆς
1070 1172 1143 1237 δια-

73 1286 106 1336 10
125 1276 246 1361 μέτρου
275 1284 333 1358 τῆς
359 1273 486 1358 βάσεως
512 1284 569 1358 τῆς
592 1276 831 1359 διχοτομούσης
852 1277 914 1360 τὴν
937 1279 1011 1340 ΕΗ
1030 1301 1143 1361 τεταγ-

124 1381 240 1466 μένως,
265 1383 309 1458 ὡς
328 1380 461 1464 ἐδείχθη
484 1383 567 1466 πρὸς
590 1391 635 1469 τῷ
657 1380 698 1446 θ’
721 1385 923 1467 θεωρήματι,
945 1382 966 1465 η
990 1381 1028 1448 δὲ
1051 1385 1142 1470 διχο-

124 1486 270 1572 τομοῦσα
293 1489 354 1571 τὴν
378 1488 556 1572 διάμετρον
579 1477 781 1571 τεταγμένως
804 1487 942 1574 δευτέρα
966 1491 1143 1577 διάμετρός

125 1594 231 1678 ἐστιν,
259 1594 304 1671 ὡς
332 1594 368 1659 έν
391 1604 436 1682 τῷ
464 1596 528 1680 πρὸ
551 1595 687 1677 τούτου,
710 1601 760 1677 είη
784 1597 839 1678 άν,
868 1595 913 1671 ὡς
935 1597 972 1661 τὸ
996 1596 1060 1663 άπὸ
1085 1609 1144 1684 τῆς

124 1706 198 1766 ΕΗ
222 1699 401 1787 διαμέτρου
428 1702 511 1787 πρὸς
539 1703 575 1766 τὸ
605 1700 668 1765 άπὸ
691 1710 749 1784 τῆς
772 1699 928 1786 δευτέρας
951 1702 1142 1790 διαμέτρου,

72 1818 104 1866 15
124 1809 230 1885 οὕτως
257 1810 294 1873 τὸ
321 1808 386 1873 ὑπὸ
415 1819 482 1873 τῶν
509 1812 588 1891 ΕΘ,
615 1810 687 1871 ΘΗ
709 1808 792 1893 πρὸς
819 1809 856 1872 τὸ
884 1807 948 1873 άπὸ
976 1819 1035 1893 τῆς
1064 1817 1141 1877 ΖΘ·

124 1917 202 2001 ὅπερ
227 1917 293 1980 ἔδει
317 1913 430 1991 δείξαι.
714 2003 715 2006 ¹

190 2022 273 2087 άλλδι
302 2022 343 2104 δὴ
366 2020 556 2085 ὑποκείσθω
578 2021 615 2084 τὸ
638 2016 698 2103 μὲν
725 2025 753 2084 Θ
776 2021 963 2105 διχοτομείν
985 2024 1049 2106 την
1071 2029 1146 2090 ΕΗ

125 2129 316 2219 διάμετρον,
348 2129 409 2212 τὴν
442 2124 478 2192 δέ
508 2131 609 2191 ΖΘΦ
641 2126 842 2210 τεταγμένην
869 2123 967 2193 εἶναι·
1001 2130 1142 2218 δευτέρα

125 2237 188 2322 άρα
221 2235 394 2320 διάμετρος
424 2233 444 2316 ἡ
474 2238 549 2297 ΖΦ.
595 2235 749 2316 κατηχθω
779 2232 828 2298 ἐπ’
859 2234 964 2318 αὐτὴν
989 2234 1055 2301 άπὸ
1084 2248 1142 2322 τῆς

72 2352 106 2400 20
125 2351 225 2425 τομῆς
252 2341 272 2423 ἡ
301 2345 383 2405 ΜΝ
406 2340 614 2426 παράλληλος
641 2350 680 2424 τῇ
703 2343 788 2404 ΕΗ·
816 2339 915 2424 λέγω,
939 2341 989 2406 ὅτι
1013 2345 1050 2408 τὸ
1074 2345 1141 2410 ὑπὸ

125 2458 193 2511 τῶν
224 2451 307 2530 ΦΝ,
332 2451 400 2511 ΝΖ
428 2448 510 2532 πρὸς
537 2447 574 2510 τὸ
602 2444 666 2510 άπὸ
689 2454 747 2529 τῆς
768 2450 851 2510 ΜΝ
870 2450 971 2530 λόγον
994 2452 1076 2534 ἔχει,
1103 2451 1142 2517 ὃν

125 2555 162 2618 τὸ
192 2552 254 2618 άπὸ
278 2562 336 2636 τῆς
362 2557 426 2617 ΦΖ
449 2551 604 2637 δευτέρας
628 2551 804 2637 διαμέτρου
828 2554 911 2639 πρὸς
932 2555 970 2619 τὸ
994 2554 1060 2621 άπὸ
1084 2568 1141 2641 τῆς

125 2663 200 2723 ΕΗ
219 2658 397 2745 διαμέτρου
420 2669 478 2742 τῆς
500 2668 609 2743 τομῆς.

190 2766 286 2848 ἤχθω
314 2767 370 2829 διὰ
397 2774 454 2849 της
481 2770 563 2830 ΜΝ
587 2765 742 2844 ἐπίπεδον
769 2766 981 2852 παράλληλον
1003 2779 1050 2857 τῷ
1077 2775 1141 2837 ΓΔ

72 2885 107 2935 25
125 2872 454 2962 παραλληλογράμμῳ
482 2868 602 2956 τέμνον
629 2872 688 2936 τὸν
714 2873 908 2958 κύλινδρον·
940 2878 1074 2960 ποιησει
1100 2879 1140 2963 δὴ

123 2967 466 3064 παραλληλόγραμμον
488 2981 549 3063 τὴν
567 2979 679 3063 τομήν.
722 2983 855 3045 ποιείτω
878 2981 915 3045 τὸ
940 2986 1015 3066 ΡΣ,
1039 2985 1139 3051 ἔστω-

196 3178 218 3226 1.
238 3172 312 3225 Ante
330 3170 399 3239 πρός
418 3170 471 3225 del.
491 3171 575 3241 λόγον
590 3170 645 3242 ἔχει
664 3188 686 3224 ο.
763 3176 787 3226 3.
809 3170 835 3244 ὅ]
854 3191 886 3241 p,
911 3189 964 3228 om.
978 3174 1034 3230 Vc.
1114 3183 1137 3234 λ.

124 3241 350 3314 κατεσκευάσθω]
369 3260 442 3311 vop,
472 3261 556 3312 supra
579 3260 595 3296 σ
617 3243 681 3296 add.
700 3248 725 3285 u»
740 3241 772 3296 V.
864 3250 888 3298 8.
914 3242 972 3299 ἐδεί
989 3249 1044 3320 θη]
1065 3266 1138 3320 vop,

124 3315 216 3386 έδείχη
235 3314 268 3367 V.
359 3319 383 3368 9.
410 3315 478 3386 ΖΘ]
504 3317 562 3369 Θό
581 3330 649 3368 corr,
668 3333 695 3384 p.
788 3314 840 3386 ὡς]
865 3313 949 3384 λόγον
969 3267 1035 3387 έχου
1054 3320 1094 3384 ὡς
1111 3340 1137 3391 p.

161 3393 201 3441 11.
220 3386 269 3457 τῷ]
288 3403 315 3454 p,
334 3394 372 3440 τῶ
390 3388 476 3439 vc-et
494 3401 562 3438 corr.
578 3401 612 3438 ex
630 3384 660 3440 τά
679 3386 797 3441 m.1V.
853 3385 901 3458 θ’]
922 3402 990 3442 corr.
1012 3405 1046 3443 ex
1065 3392 1139 3464 η’ρ,

118 3462 157 3508 ῑθ
175 3458 249 3509 Vre.
310 3462 351 3511 14.
371 3453 664 3530 πρός-διαμέτρου]
685 3475 738 3512 om.
758 3474 780 3511 ο.
837 3462 878 3511 15.
898 3455 997 3532 οὕτως]
1018 3459 1094 3519 οὕτω
1112 3483 1139 3534 p,

104 3527 140 3575 αι
160 3542 279 3594 semper
298 3531 368 3584 ante
387 3530 587 3585 consonante&
679 3535 723 3585 15.
746 3527 813 3597 ’ὅπερ
834 3527 890 3582 ἔδει
908 3529 1012 3604 δεῖξαι]
1037 3550 1094 3590 om.
1112 3554 1139 3607 p.
