2430 3854
419 171 469 222 na
489 171 666 223 sucmoua
685 171 779 227 coru.
1039 170 1104 235 207

525 313 674 381 XXXVI.

163 418 198 485 Si
224 421 260 485 in
287 443 369 487 cono
393 421 521 487 scaleno
544 444 602 506 per
623 421 780 486 uerticem
802 421 909 505 planis
933 423 1106 506 compluri-

93 530 155 592 bus
185 532 273 593 secto
304 528 340 592 in
368 528 500 594 basibus
528 528 692 614 parallelis
724 528 880 614 trianguli
912 529 1106 613 aequicrurii

93 635 134 698 ad
157 657 229 699 eam
251 638 379 718 partem
401 656 515 699 uersus
539 638 781 720 construamur,
805 657 825 698 a
844 657 909 719 qua
928 633 996 699 axis
1015 636 1106 700 recli-

91 746 189 806 natus
222 744 283 825 est,
315 741 499 828 triangulus
530 741 750 826 aequicrurius
782 764 840 827 per
868 763 961 807 axem
989 742 1104 808 ductus

92 846 247 911 minimus
278 866 348 912 non·
375 847 437 911 erit
465 848 610 912 omnium
638 849 914 932 aequicruriorum
942 853 1106 915 construu-

91 957 210 1018 torum.

161 1060 205 1124 sit
233 1082 333 1126 conus
357 1061 519 1147 scalenus,
546 1060 637 1126 cuius
660 1062 730 1126 axis
754 1061 798 1127 sit
821 1067 901 1147 AB,
925 1062 1104 1127 communis

94 1170 203 1230 autem
227 1167 329 1232 sectio
352 1167 441 1251 plani
463 1190 521 1253 per
544 1190 636 1234 axem
660 1168 700 1232 ad
723 1167 880 1233 circulum
897 1168 1105 1255 perpendicu-

94 1271 172 1336 laris
206 1272 381 1357 circulique
414 1274 589 1339 diametrus
618 1277 731 1359 ΓΒΔ,
766 1280 800 1340 et
831 1279 971 1352 [ΑΒΔ
997 1273 1104 1338 minor

601 1381 645 1446 sit
676 1385 773 1447 recto.
834 1382 921 1467 dico,
956 1381 1102 1467 triangu-

599 1487 669 1552 lum
683 1489 922 1572 aequicrurium
937 1510 996 1573 per
1010 1510 1102 1552 axem

601 1595 732 1659 ductum
752 1595 923 1661 minimum
946 1617 1013 1660 non
1031 1617 1102 1661 esse

600 1701 745 1766 omnium
753 1700 1103 1786 aequicruriorum,qui

600 1812 831 1873 construantur
877 1807 971 1873 bases
1016 1807 1103 1872 inter

599 1918 720 1998 puncta
745 1916 784 1999 Γ,
802 1918 831 1978 Β
854 1914 1021 1978 habentes.

666 2022 802 2087 ducatur
833 2021 920 2085 enim
952 2023 1032 2105 Ar,
1068 2024 1101 2084 et

598 2128 633 2192 in
658 2127 822 2214 triangulo
849 2129 951 2192 ΑΒΓ
972 2127 1013 2190 ad
1037 2128 1102 2190 ΓΔ

598 2234 871 2320 perpendicularis
883 2234 1018 2298 ducatur
1028 2238 1100 2298 ΒΕ.

518 2335 546 2384 A
599 2345 632 2405 et
684 2341 837 2424 quoniam
890 2343 954 2405 ΓΕ
969 2351 1004 2412 >
1024 2342 1100 2422 ΓΒ,

598 2470 680 2532 quae
714 2470 731 2512 e
768 2452 879 2513 centro
917 2448 1014 2511 ducta
1050 2436 1120 2510 est

598 2553 705 2639 [Eucl.
721 2553 747 2637 Ι,
767 2552 836 2638 19],
860 2553 904 2618 sit
922 2558 986 2617 ΕΖ
1008 2552 1100 2617 radio

599 2660 753 2746 aequalis,
776 2665 809 2725 et
827 2665 934 2726 rectae
948 2663 1012 2724 ΕΒ
1029 2682 1101 2744 par-

598 2767 694 2832 allela
703 2771 775 2853 ZH,
785 2768 982 2851 duceturque
992 2770 1105 2832 ΛΜΗ

90 2874 124 2934 et
147 2875 254 2935 rectae
274 2875 338 2935 ΖΕ
357 2871 514 2956 parallela
536 2878 576 2937 H
578 2878 620 2959 Θ;
641 2873 982 2960 parallelogrammum
999 2874 1101 2960 igitur

92 2980 143 3040 est
155 2981 226 3042 ΖΘ.
250 3000 348 3062 quare
363 2983 427 3042 ΖΕ
436 3009 477 3032 ==
488 2983 560 3044 ΗΘ
573 2979 796 3067 [nuel.1‚34]3
814 2985 850 3045 H
857 2986 886 3045 Θ
898 2981 1001 3066 igitur
1009 2979 1100 3044 radio

91 3084 234 3168 aequalis
258 3089 315 3150 est.
352 3085 419 3150 iam
441 3107 553 3151 rursus
576 3086 612 3151 in
633 3087 730 3172 plano
754 3087 866 3153 circuli
890 3087 930 3150 ad
948 3089 1014 3151 ΓΔ
1031 3107 1101 3169 per-

90 3190 313 3275 pendiculares
351 3191 509 3257 ducantur
544 3195 624 3276 KB,
660 3196 748 3276 HA,
789 3194 988 3276 duceturque
1025 3195 1099 3257 BA.

90 3297 244 3381 quoniam
266 3297 369 3383 igitur
392 3298 455 3362 duo
478 3298 635 3385 trianguli
658 3299 840 3385 rectanguli
861 3302 977 3384 ΕΗΒ,
995 3300 1105 3363 ΛΒΗ

89 3404 239 3489 aequales
266 3402 389 3468 habent
416 3404 553 3490 angulos
582 3408 704 3488 rectos,
734 3404 854 3469 circum
882 3403 964 3468 ulios
991 3408 1102 3469 autem

88 3513 192 3576 latera
216 3510 491 3598 proportionalia,
518 3515 553 3579 et
580 3515 709 3600 cetera,
732 3533 819 3596 quae
834 3511 953 3574 *aare
968 3472 1140 3615 prola*
