2430 3854
422 177 471 226 un
490 175 668 226 srcrronn
687 177 781 228 corr.
1035 173 1104 235 141

92 324 253 409 :angulum
271 320 328 388 uni
342 321 461 406 angulo
477 319 644 403 aequalem
662 319 784 382 habent
803 322 906 393 [ΕΗ
908 322 936 381 Β
948 349 988 370 =
1000 325 1032 382 A
1038 323 1111 382 BH

95 427 246 516 (uterque
270 428 357 492 enim
380 423 502 512 reatus)
531 429 564 489 et
588 424 710 489 circum
739 424 820 487 alios
844 424 981 509 angulos
1003 424 1107 490 latera

91 535 361 620 proportionalia,
394 538 426 597 et
460 537 595 615 uterque
627 530 827 614 reliquorum
859 534 976 614 ΕΒΗ,
999 535 1105 595 ΑΗΒ

92 646 182 706 recto
207 642 313 705 minor
336 645 399 722 est,
429 637 586 723 trianguli
610 637 731 701 similes
756 641 832 700 sunt
857 636 960 720 [Euol.
980 636 1041 720 VI,
1063 638 1106 721 7].

91 748 202 831 itaque
235 752 307 812 ΕΗ
323 771 329 811 :
349 750 418 810 ΗΒ
441 778 480 797 =
500 748 565 808 AB
585 768 591 807 :
611 748 679 807 ΗΒ
713 744 818 827 [Euol.
841 742 897 825 VI,
921 743 970 828 4]3
1007 765 1104 827 quare

92 861 125 919 A
131 859 159 918 B
172 885 212 906 =
223 858 297 918 ΕΗ
307 852 413 937 [Euol.
424 851 463 935 V,
473 851 518 934 9}
546 873 661 914 uerum
679 854 751 914 ΕΗ
759 861 792 921 <
803 854 868 914 ΒΕ
885 849 989 933 [Euol.
1000 850 1106 934 Ι,19];

91 982 171 1045 ergo
195 960 293 1024 etiam
312 963 376 1024 AB
401 958 469 1022 axis
493 957 567 1022 coni
585 956 692 1020 minor
710 960 760 1020 est
779 956 883 1040 radio3
907 957 993 1039 quod
1012 978 1106 1041 opor-

93 1068 186 1131 tebat
210 1067 439 1130 demonstrare.

162 1172 315 1256 quoniam
333 1171 436 1256 igitur
452 1170 488 1233 in
503 1167 667 1252 parallelis
683 1172 752 1253 ΓΔ,
766 1174 829 1233 ΕΖ
848 1169 1105 1233 demonstratum

91 1284 157 1364 est,
184 1278 407 1361 manifestum,
434 1275 533 1340 etiam
562 1275 590 1339 si
617 1275 790 1359 parallelae
818 1296 883 1339 non
912 1275 990 1358 sint,
1022 1276 1104 1339 nihil

91 1386 264 1469 interesse3
296 1386 553 1448 demonstratum
577 1382 663 1445 enim
692 1385 794 1466 [prop.
818 1379 894 1465 Ill],
921 1381 1103 1467 triangulos

93 1491 245 1575 aequales
268 1492 362 1554 bases
385 1490 542 1553 habentes
567 1488 715 1571 aequales
739 1510 816 1552 esse.

571 1716 628 1780 XI.

159 1844 279 1907 Iisdem
305 1841 422 1926 positis
451 1841 750 1924 demonstrandum,
778 1841 806 1905 si
833 1865 944 1907 rursus
971 1842 1105 1927 planum

92 1953 231 2016 dueatur
250 1970 367 2014 oenum
387 1970 499 2013 secans
518 1970 575 2030 per
594 1947 749 2012 uerticem
769 1953 802 2013 et
819 1949 855 2012 in
872 1949 943 2012 basi
962 1950 1105 2014 efficiens

91 2061 214 2122 rectam
238 2048 461 2141 magnitudine
485 2054 624 2118 mediam
646 2053 732 2117 inter
750 2055 844 2118 bases
863 2056 1103 2142 triangulorum

93 2161 290 2246 aequalium,
323 2161 523 2247 triangulum
550 2160 643 2223 illum
674 2161 830 2225 maiorem
861 2161 930 2226 fore
963 2167 1101 2248 utroque

91 2268 257 2353 triangulo
283 2267 418 2351 aequali.

159 2375 202 2438 sit
233 2374 320 2438 enim
352 2375 386 2437 in
417 2374 524 2459 figura
554 2374 666 2437 eadem
700 2373 883 2459 triangulus
919 2399 977 2460 per
1009 2399 1101 2441 axem

90 2482 206 2545 duetus
235 2485 333 2545 ΑΓΛ
366 2480 509 2563 aequalis
537 2480 702 2565 triangulo
730 2481 836 2545 basim
867 2482 1001 2547 habenti
1029 2488 1100 2567 EZ,

89 2588 289 2670 ducaturque
312 2592 400 2651 recta
425 2587 534 2670 aliqua
552 2590 634 2651 ΚΜ
652 2586 874 2672 magnitudine
894 2588 999 2653 media
1016 2589 1102 2654 inter

91 2696 160 2776 ΓΔ,
179 2698 242 2756 ΕΖ
266 2698 298 2756 et
321 2693 449 2777 utrique
473 2715 584 2757 earum
607 2692 764 2778 parallela
782 2698 930 2777 ponatur,
954 2695 1104 2761 dueatur-

89 2821 151 2882 que
178 2798 320 2882 planum.
366 2799 452 2883 dieo,
479 2798 680 2884 triangulum
708 2806 739 2863 A
745 2803 825 2865 ΚΜ
847 2800 1002 2867 maiorem
1030 2827 1100 2868 esse

88 2909 228 2988 utroque
251 2911 283 2970 Α
290 2909 360 2989 ΓΛ,
379 2910 487 2970 ΑΕΖ.

155 3033 231 3075 nam
276 3035 388 3076 rursus
430 3016 515 3077 ΚΜ
554 3016 676 3097 puncto
718 3016 749 3076 A
794 3013 829 3076 in
870 3015 949 3078 duas
990 3019 1098 3098 partes

89 3117 239 3199 aequales
257 3124 391 3202 secetur,
415 3119 635 3202 ducanturque
656 3122 732 3202 ΑΛ,
748 3123 822 3204 BK,
835 3123 909 3184 BA.
946 3120 1099 3204 quoniam

87 3390 155 3434 corr.
236 3386 277 3434 22.
298 3377 427 3452 ἑκατέρα]
447 3378 576 3448 ἑκάτεραι
594 3381 627 3450 V,
648 3361 754 3451 ἑκοὶτεῖι
769 3398 791 3435 o.
868 3387 910 3437 23.
930 3380 978 3451 δή]
997 3397 1050 3436 om.
1069 3399 1096 3451 p.

87 3448 319 3589 g,{{²',{’,‘,⁰‘,²,⁸'⁰⁰⁴’
337 3435 407 3523 aaa]
424 3452 454 3504 in
472 3469 525 3506 ras.
545 3470 572 3521 p.
632 3458 673 3507 aa.
694 3454 734 3525 A]
752 3471 779 3521 p,
799 3459 824 3506 Δ
842 3451 895 3505 Vc.
959 3457 1000 3505 aa.
1020 3448 1142 3631 aasz!
