2444 3856
131 177 196 240 286
441 180 529 230 nm
545 178 674 229 Κοαον
693 178 828 230 mmm.

130 324 207 385 ΚΗ
209 308 285 404 ΓΔ,
314 326 447 387 ΒΘΕΖ
470 322 588 387 κώνων
611 321 652 385 τά
675 321 731 385 διά
753 331 821 385 τῶν
844 319 974 398 ἀξόνων
994 324 1139 406 τρίγωνα

130 429 170 493 τά
193 432 311 511 ΚΓΔ,
338 432 435 492 ΒΕΖ
463 432 518 491 ίσα
546 425 703 510 ἀλλήλοις
724 426 827 509 ἐστίν,
855 425 875 510 6
899 428 963 512 ἀρα
986 431 1026 491 Η
1044 428 1138 511 βάσις

130 543 190 599 τοῦ
217 535 327 599 κώνου
354 535 437 620 πρὸς
464 534 524 617 τὴν
550 537 579 598 Θ
607 532 705 617 βάσιν
728 533 927 598 διπλασίονα
950 536 1051 616 λόγον
1074 537 1138 618 ἔχει

129 641 211 725 ἢπερ
240 641 257 705 6
280 643 419 705 ΚΗΓΔ
446 650 552 716 κῶνος
574 641 657 726 πρὸς
679 640 738 704 τὸν
761 643 908 723 ΒΘΕΖ,
937 639 981 716 ώς
1004 640 1137 724 ἐδείχθη

46 756 50 761 ’
95 745 167 810 σίν
193 755 238 834 τῷ
266 748 329 832 πρὸ
358 744 431 823 ἑνὸς
458 747 656 832 θεωρήματι.
703 746 747 823 ὡς
770 744 806 810 δὲ
829 745 849 811 6
870 749 946 810 ΚΗ
949 751 1010 812 ΓΔ
1032 759 1138 824 κῶνος

129 854 212 938 πρὸς
234 854 293 917 τὸν
316 857 464 936 ΒΘΕΖ,
488 853 593 929 οὕτως
615 853 633 918 6
656 856 795 917 ΑΗΓΔ
817 854 901 939 πρὸς
922 854 981 919 τὸν
999 857 1077 918 ΚΗ
1079 858 1137 919 ΓΛ

129 956 184 1022 καὶ
215 958 236 1041 6
264 963 340 1023 ΑΗ
363 959 478 1034 εὐθεῖα
505 960 588 1045 πρὸς
615 961 676 1043 τὴν
702 962 787 1023 ΗΚ·
820 959 838 1024 6
865 961 930 1046 ἀρα
956 964 997 1024 Η
1019 961 1138 1036 κύκλος

128 1067 211 1149 πρὸς
233 1067 292 1130 τὸν
313 1070 342 1129 Θ
364 1067 487 1130 κύκλον
506 1066 703 1130 διπλασίονα
722 1067 823 1147 λόγον
842 1068 907 1149 ἔχει
925 1067 1008 1152 ἥπερ
1026 1065 1046 1148 6
1066 1070 1141 1131 AH

127 1173 212 1257 πρὸς
241 1172 302 1255 τὴν
334 1175 414 1236 ΗΚ.
469 1175 534 1256 ἔχει
566 1168 604 1236 δὲ
634 1171 652 1236 6
684 1175 724 1235 H
750 1172 871 1248 κύκλος
902 1173 985 1257 πρὸς
1015 1173 1075 1238 τὸν
1110 1177 1137 1236 Θ

77 1290 111 1338 10
129 1280 253 1343 κύκλον
275 1278 472 1343 διπλασίονα
494 1280 596 1359 λόγον
618 1285 679 1341 τοῦ
701 1275 741 1341 ὃν
760 1279 825 1360 ἔχει
843 1276 864 1359 6
884 1280 945 1342 ΓΛ
964 1278 1137 1364 διάμειρος

128 1387 211 1469 πρὸς
234 1386 294 1466 τὴν
316 1388 392 1447 ΕΖ·
417 1383 461 1459 ὡς
484 1385 548 1467 ἀρα
570 1383 591 1467 6
615 1386 676 1448 ΓΛ
698 1384 780 1467 πρὸς
797 1389 876 1467 ΕΖ,
900 1384 1005 1460 οὕτως
1027 1385 1140 1468 6AH

128 1492 211 1574 πρὸς
238 1493 318 1554 HK.
365 1489 475 1573 ἐπειδὴ
508 1487 545 1554 δὲ
576 1490 614 1554 τὸ
641 1492 739 1555 ΚΓΔ
772 1495 936 1578 τρίγωνον
966 1500 1012 1579 τῷ
1040 1496 1137 1555 ΒΕΖ

129 1598 279 1683 τριγώνῳ
311 1601 385 1660 ίσον
413 1594 497 1679 ἐστί,
528 1593 599 1661 κατ’
625 1595 907 1680 ἀντιπεπόνθασιν
934 1599 1012 1679 ἀρα,
1045 1597 1089 1672 ὡς
1116 1598 1136 1680 6

130 1706 190 1767 ΓΔ
218 1703 300 1787 πρὸς
321 1706 402 1785 ΕΖ,
431 1702 536 1780 οὕτως
563 1702 583 1787 6
607 1709 675 1768 ΒΘ
702 1705 784 1791 πρὸς
806 1706 886 1767 KH.
932 1702 1066 1787 ἐδείχθη
1090 1702 1136 1786 δέ,

77 1820 109 1868 15
129 1809 174 1884 ώς
196 1807 216 1891 6
241 1812 301 1873 ΓΛ
324 1810 406 1895 πρὸς
429 1814 506 1893 ΕΖ,
530 1810 636 1887 οὕτως
657 1808 712 1875 καὶ
734 1809 755 1892 6
777 1813 854 1873 ΑΗ
872 1810 955 1895 πρὸς
972 1813 1056 1874 KH·
1082 1808 1136 1874 καὶ

129 1916 173 1990 ὡς
196 1916 260 1999 ἀρα
282 1914 302 1998 6
322 1920 387 1980 ΒΘ
404 1918 487 1996 πρὸς
505 1920 586 1998 ΚΗ,
610 1915 715 1992 οὕτως
732 1912 752 1997 6
773 1919 848 1979 ΑΗ
862 1917 944 2002 πρὸς
963 1920 1042 1981 KH.
1083 1923 1135 2000 ίση

131 2022 196 2107 ἀρα
220 2018 308 2085 ἐστὶν
331 2019 351 2104 6
374 2025 451 2087 ΑΗ
468 2030 508 2106 τῇ
532 2025 609 2085 ΒΘ·
633 2022 711 2107 ὅπερ
735 2022 802 2086 ἔδει
826 2021 938 2100 δεῖξαι.

602 2214 663 2293 ξδ’.

200 2342 275 2403 Τῶν
298 2339 590 2404 ἀντιπεπονθότων
612 2340 728 2405 κώνων
751 2338 867 2424 ὀρθῶν
889 2352 958 2417 τοῖς
980 2339 1073 2418 ἀξοσι
1096 2343 1136 2405 ιά

76 2458 110 2507 20
129 2446 185 2510 διὰ
209 2457 275 2510 τῶν
298 2444 427 2523 ἀξόνων
448 2448 594 2531 τρίγωνα
619 2452 673 2510 ίσα
695 2445 849 2530 ἀλλήλοις
872 2446 948 2511 ἐστί.

194 2552 523 2638 κατανενοάφθωσαν
540 2554 576 2617 οί
591 2563 701 2636 κῶνοι,
720 2550 775 2616 καὶ
792 2555 885 2636 ἔστω,
904 2554 949 2630 ῶς
962 2554 980 2619 6
995 2558 1135 2618 ΑΗΓΛ

127 2670 233 2734 κῶνος
254 2660 337 2744 πρὸς
358 2659 417 2723 τὸν
440 2663 587 2743 ΒΘΕΖ,
610 2658 715 2735 οὕτως
738 2658 755 2724 6
774 2665 840 2725 ΒΘ
862 2658 950 2737 ἀξων
972 2661 1055 2742 πρὸς
1077 2662 1136 2725 τὸν

128 2768 207 2827 ΑΗ.
253 2762 350 2848 λέγω,
378 2765 429 2829 ὅτι
456 2763 496 2828 τά
518 2767 631 2848 ΑΓΛ,
658 2767 756 2829 ΒΕΖ
784 2769 928 2853 τρίγωνα
957 2771 1012 2830 ίσα
1037 2765 1135 2849 ἀλλή-

128 2874 199 2946 λοις
222 2868 319 2935 ἐστίν.

76 2990 109 3038 25
196 2979 277 3041 ἔστω
305 2986 350 3065 τῷ
374 2980 513 3043 ΑΗΓΔ
539 2977 634 3064 κώνῳ
660 2978 800 3061 ἰσοϋψὴς
823 2977 840 3043 6
863 2980 998 3043 ΚΘΕΖ
1021 2991 1135 3056 κῶνος.

128 3081 197 3148 ἐπεὶ
234 3078 309 3164 οὖν,
346 3082 391 3160 ὡς
427 3082 445 3149 6
477 3086 616 3148 ΑΗΓΛ
647 3092 753 3160 κῶνος
783 3084 866 3169 πρὸς
897 3085 955 3149 τὸν
985 3090 1135 3168 ΒΘΕΖ,

199 3246 223 3294 1.
246 3249 302 3295 τῶν
320 3238 442 3311 ἀξόνων]
463 3248 513 3294 τού
532 3238 634 3304 ἀξονος
650 3257 678 3310 p.
768 3246 793 3294 2.
816 3239 944 3307 ἀλλήλοις
961 3239 1046 3314 ἐστίν]
1067 3242 1136 3297 εἰσίν

126 3311 254 3379 ἀλλήλοις
272 3329 299 3381 p.
389 3309 497 3435 λιτόν]
519 3309 580 3380 Vp,
608 3309 659 3379 τήν
681 3328 707 3365 v.
798 3316 822 3365 5.
846 3310 901 3379 πρὸ
921 3309 998 3384 ἑνός]
1023 3313 1135 3382 scripsi3

124 3379 226 3450 κροενί
245 3400 269 3451 ν,
288 3381 343 3450 πρὸ
357 3400 458 3437 τονιον
501 3398 528 3451 p.
585 3386 627 3437 10.
646 3379 740 3452 λόγον]
754 3381 812 3451 Vp,
831 3381 915 3452 λόγον
931 3381 986 3454 ἔχει
1003 3402 1029 3438 v.
1088 3389 1136 3439 ΓΔ

111 3451 282 3526 θιαᾷιενρος]
302 3453 362 3525 Vp,
384 3453 540 3526 σύμμετρος
556 3471 584 3509 v.
656 3458 700 3508 ss.
720 3455 773 3507 ΕΖ
784 3452 917 3576 <6663
934 3455 987 3523 τὴν
1006 3458 1063 3509 ΕΖ.
1079 3456 1135 3525 Vp.

136 3526 180 3577 12.
204 3527 291 3599 HK]
308 3527 365 3600 τὴν
385 3532 452 3585 HK
467 3547 494 3601 p,
583 3523 753 3596 ἐπειδήξα,
780 3521 842 3577 ὲπώ
885 3541 917 3591 ς.
1000 3527 1137 3579 &Mm-
