2430 3854
415 183 465 231 ua
484 181 661 232 sacriora
680 181 773 234 coru.
1034 181 1075 243 27
1080 181 1100 243 3

88 326 155 388 iam
176 324 278 409 igitur
302 324 365 387 duo
388 323 545 408 trianguli
570 327 684 408 ΓΑΔ,
706 328 773 388 EA
780 329 807 388 Z
829 325 923 388 bases
949 327 1098 408 aequales

87 432 226 513 habent,
261 430 384 494 habent
421 434 530 494 autem
566 430 665 494 etiam
701 434 823 495 rectam
855 453 874 494 a
906 431 1026 496 uertice
1060 434 1100 497 ad

89 542 246 622 punotum
265 537 407 601 medium
422 537 510 601 basis
530 537 660 602 duotam
678 537 820 621 eandem,
839 541 872 602 et
891 538 994 602 maius
1012 539 1099 603 latus

90 644 223 708 alterius
260 644 301 708 ad
336 643 443 729 minus
480 643 637 707 maiorem
672 644 833 708 rationem
867 644 968 708 habet
1002 667 1100 727 quam

90 750 223 815 alter-ius
250 749 338 814 latus
365 751 470 814 maius
499 750 539 813 ad
564 750 684 834 minus,
713 754 746 814 et
768 755 887 834 uetera,
915 750 1099 837 triangulus

90 862 191 922 ΕΑΖ
218 857 324 921 minor
347 861 397 921 est
420 858 523 940 [prop.
542 855 629 940 XXJ.
675 877 753 941 ergo
776 857 810 924 Δ
826 860 928 921 ΓΑΔ
942 869 975 930 >
990 862 1103 922 ΕΑΖ.

537 1049 655 1115 LVIH.

159 1174 322 1241 Gonorum
341 1175 524 1260 aequalium
540 1179 775 1260 rectorumque,
788 1176 843 1239 sed
857 1198 923 1240 non
937 1176 1103 1263 similium,

89 1282 248 1369 trianguli
270 1305 327 1366 per
346 1304 438 1347 axem
457 1282 546 1346 ducti
563 1281 597 1345 in
617 1281 779 1346 contraria
796 1282 1006 1366 proportione
1025 1289 1102 1348 sunt

90 1389 219 1455 basium
242 1411 380 1454 suarum.
1081 1406 1083 1413 ‘

160 1497 225 1560 sint
249 1496 321 1560 coni
344 1496 425 1561 reoti
448 1496 676 1581 aequalesque,
700 1495 843 1559 sednon
867 1494 999 1580 similes,
1023 1518 1101 1579 quo-

91 1625 165 1666 rum
188 1603 325 1667 uertices
345 1603 411 1667 sint
428 1605 548 1687 puncta
567 1607 612 1687 A,
630 1605 673 1685 B,
698 1623 772 1665 axes
795 1606 903 1666 autem
922 1606 1008 1686 ΑΗ,
1029 1606 1101 1687 ΘΒ,

93 3092 128 3151 et
146 3086 303 3172 trianguli
320 3108 377 3170 per
397 3107 488 3149 axem
507 3083 595 3148 duoti
614 3085 731 3167 ΑΓΛ,
751 3086 860 3160 ΒΕΖ,
879 3081 973 3145 bases
993 3084 1104 3145 autem

96 3216 251 3258 eonorum
275 3192 386 3258 eirouli
409 3191 531 3257 oiroum
554 3194 631 3268 ΓΛ,
654 3187 916 3253 EZ'diametros
940 3186 1104 3270 descripti.

94 3301 182 3384 (lieo⁷
206 3322 274 3365 esse
297 3299 445 3367 ΔΑΓΛ
459 3322 466 3362 :
482 3301 578 3361 BEZ
594 3327 633 3348 =
649 3299 712 3358 EZ
727 3317 734 3356 ε
749 3295 822 3357 ΓΛ.

163 3406 315 3491 quoniam
339 3405 425 3470 enim
446 3403 518 3470 coni
538 3401 686 3486 aequales
706 3402 791 3484 sunt,
814 3397 884 3483 erit,
907 3401 944 3461 ut
963 3397 1102 3463 ciroulus

86 3515 212 3580 ,eiroum
240 3516 283 3576 H
304 3514 453 3577 centrum
480 3504 665 3597 desoriptus
690 3506 737 3586 au
755 3499 919 3579 uirtutum
935 3504 1123 3598 ursump-

135 3624 263 3667 Serouus
279 3606 498 3684 Antintlensls,
514 3629 551 3672 et.
563 3627 685 3678 fluitem.
940 3607 984 3654 &Q
