2430 3854
121 177 184 241 162
435 180 522 237 nnn
539 179 667 232 Κειωοε
685 180 821 232 ΤοΜΗΣ.

119 325 251 406 μείζονα
274 326 376 405 λόχον
399 324 464 406 ἔχει
481 323 563 409 ἤπερ
583 323 619 388 τὸ
635 325 694 389 ΓΛ
717 323 799 404 πρὸς
817 327 894 406 ΛΖ,
917 320 973 388 καὶ
992 321 1132 401 ἐναλλὰξ

118 431 155 494 τὸ
187 433 252 493 ΑΒ
285 429 368 514 πρὸς
398 431 458 493 ΓΛ
489 433 620 513 μείζονα
652 432 753 511 λόγον
785 432 850 514 ἔχει
881 431 963 515 ἥπερ
996 431 1034 494 τὸ
1066 435 1133 496 ΕΒ

118 536 201 621 πρὸς
229 540 304 602 ΖΔ.
353 539 411 601 καί
436 535 527 602 ἔστιν
554 542 629 603 ἴσον
654 537 692 601 τὸ
717 540 784 601 ΑΒ
813 546 859 624 τῷ
887 539 960 600 ΓΔ·
994 540 1133 602 ἔλαττον

119 643 182 728 ἄρα
205 643 242 706 τὸ
265 645 328 706 ΕΒ
356 649 417 706 τσῦ
442 646 515 706 ΖΛ.
559 644 596 708 τὸ
620 639 657 708 δὲ
681 647 746 709 ΖΔ
768 651 828 709 τοῦ
853 646 915 708 ΓΖ
941 642 983 708 οὐ
1006 647 1132 728 μεῖζον·

83 746 173 813 σιωιὶ
195 757 257 814 τοῦ
280 751 341 812 ΓΖ
365 750 429 834 ἄρα
452 751 592 815 ἔλασσόν
616 748 683 814 ἔστι
705 750 742 814 τὸ
761 753 835 814 ΕΒ.
870 743 913 832 ἦν
936 745 973 814 δὲ
994 747 1051 814 καὶ
1069 757 1131 814 τοῦ

117 859 186 919 ΑΕ
212 857 361 921 ἔλαττον·
394 855 566 939 ἐλάχιστον
593 857 657 943 ἄρα
684 857 721 922 τὸ
743 860 815 921 ΕΒ.
865 856 966 922 πάλιν
994 855 1064 922 ἐπεὶ
1092 857 1130 922 τὸ

117 965 182 1025 ΑΒ
206 969 252 1048 τῷ
272 963 332 1025 ΓΛ
355 967 438 1046 ἴσον,
462 957 510 1027 ὧν
532 963 569 1027 τὸ
588 966 651 1027 ΕΒ
674 970 734 1028 τοῦ
752 967 786 1026 Λ
792 967 820 1026 Ζ
842 965 987 1046 ἔλαττον,
1010 964 1131 1028 λοιπὸν

117 1068 182 1153 ἄρα
208 1068 245 1132 τὸ
271 1073 338 1132 EA
365 1072 484 1133 λοιποῦ
511 1077 571 1133 τοῦ
597 1072 657 1134 ΓΖ
685 1071 803 1152 μεῖζον.
849 1070 885 1135 τὸ
913 1065 951 1133 δὲ
979 1071 1041 1132 ΓΖ
1068 1078 1129 1133 τοῦ

119 1176 184 1236 ΖΛ
212 1173 272 1239 οὐκ
300 1176 435 1239 ἔλαττόν
464 1174 546 1241 ἐστι·
577 1173 716 1240 καὶτοῦ
741 1179 807 1239 ΖΛ
834 1177 898 1261 ἄρα
926 1178 1036 1259 μειῖόν
1060 1175 1130 1240 ἔστι

64 1293 99 1343 10
116 1280 154 1344 τὸ
173 1284 249 1345 ΛΕ.
285 1274 327 1362 ἦν
350 1277 387 1344 δὲ
408 1279 465 1346 καὶ
486 1290 547 1346 τοῦ
566 1286 629 1347 ΕΒ
652 1285 774 1366 μεῖζον·
798 1280 953 1366 μέγιστον
976 1283 1040 1368 ἄρα
1060 1279 1130 1347 ἐστὶ

117 1387 155 1452 τὸ
178 1391 258 1470 ΑΕ,
282 1387 319 1451 τὸ
343 1382 380 1451 δὲ
401 1390 464 1451 ΕΒ
488 1385 669 1471 ἐλάχιστον.

595 1642 643 1683 τι.

181 1739 258 1806 Ἐὰν
280 1741 343 1807 δύο
365 1743 511 1828 τρίγωνα
534 1741 591 1819 τάς
613 1765 648 1807 τε
671 1742 783 1826 βάσεις
811 1748 884 1820 ἴσως
911 1746 981 1830 ἔχῃ,
1010 1747 1067 1830 ἔχῃ
1092 1742 1129 1810 δὲ

115 1845 251 1925 καὶτὰς
274 1847 337 1912 ἀπὸ
360 1856 418 1931 τῆς
440 1856 591 1934 κορυφῆς
614 1845 666 1913 ἐπὶ
689 1850 750 1932 τὴν
772 1849 966 1934 διχοτομίαν
988 1833 1046 1933 τῆς
1068 1851 1129 1934 βά-

64 1965 96 2016 15
116 1970 197 2030 σεως
223 1951 367 2037 ἠγμέναι·
394 1953 528 2031 εὐθείας
555 1959 641 2044 ἴσας,
674 1963 734 2020 τοῦ
762 1951 799 2019 δὲ
824 1952 936 2041 ἑτέρου
963 1954 984 2038 ἡ
1007 1959 1128 2040 μείζων

114 2059 241 2145 πλευρὰ
268 2060 351 2145 πρὸς
373 2061 434 2145 τὴν
457 2059 616 2126 ἐλάττονα
637 2063 769 2146 μείζονα
792 2063 893 2144 λόγον
921 2064 977 2147 ἔχῃ
1000 2063 1082 2148 ἥπερ
1106 2064 1127 2147 ἡ

114 2175 175 2231 τοῦ
198 2171 327 2232 λοιποῦ
339 2169 457 2250 μείζων
479 2168 562 2250 πρὸς
584 2168 645 2252 τὴν
669 2164 826 2232 ἐλάττονα
849 2166 870 2251 ἢ
892 2164 947 2232 καὶ
968 2173 1021 2250 ἔσῃ
1044 2170 1127 2253 πρὸς

114 2274 176 2358 τὴν
195 2278 281 2358 ἔσῃν,
305 2268 345 2339 οὗ
368 2272 389 2358 ἡ
412 2275 531 2357 μείζων
552 2273 679 2360 πλευρὰ
700 2273 784 2358 πρὸς
801 2274 863 2356 τὴν
882 2272 1039 2338 ἐλάττονα
1057 2277 1126 2357 μεί-

115 2383 192 2458 ζονα
215 2383 316 2463 λόγον
338 2381 418 2463 ἔχει,
443 2377 548 2444 ἐκεῖνο
572 2381 708 2444 ἔλαττόν
731 2378 830 2444 ἔστιν.

61 2498 96 2549 20
181 2489 264 2552 ἔστω
287 2487 349 2553 δύο
367 2489 513 2571 τρίγωνα
530 2486 570 2550 τὰ
588 2488 697 2571 ΑΒΓ,
716 2490 818 2551 ΔΕΖ
843 2491 914 2562 ἴσας
933 2487 1050 2570 ἔχοντα
1069 2488 1127 2564 τὰς

115 2596 188 2676 ΒΓ,
203 2596 267 2657 ΕΖ
285 2592 408 2676 βάσεις,
431 2585 479 2656 ὧν
498 2588 633 2679 ἑκατέρα
650 2593 823 2676 τετμήσθω
842 2592 920 2676 δίχα
937 2594 1019 2657 κατὰ
1038 2594 1078 2657 τὰ
1092 2598 1132 2657 Η

114 2695 170 2762 καὶ
200 2702 229 2762 Θ
260 2710 391 2782 σημεῖα,
422 2695 478 2762 καὶ
511 2695 751 2781 ἐπιζευχθεῖσαι
782 2700 820 2764 αἱ
846 2703 933 2782 ΑΗ,
954 2703 1025 2764 ΛΘ
1058 2705 1126 2765 ἴσαι

26 2793 29 2797 ’
115 2805 272 2868 ἔστωσαν·
296 2805 379 2867 ἔστω
397 2799 435 2868 δὲ
452 2802 473 2888 ἡ
492 2799 553 2888 μὲν
569 2807 637 2869 ΕΔ
655 2814 713 2888 τῆς
730 2809 797 2868 ΛΖ
816 2808 943 2890 μείζων,
967 2806 987 2890 ἡ
1007 2803 1044 2871 δὲ
1058 2812 1126 2871 BA

115 2917 173 2992 τῆς
190 2911 261 2973 ΑΓ
278 2910 321 2994 μὴ
345 2907 499 2995 ἐλάττων,
523 2909 605 2975 ὥστε
628 2911 689 2995 τὴν
711 2916 777 2976 ΕΛ
800 2913 882 2999 πρὸς
902 2917 935 2976 Δ
942 2917 969 2976 Ζ
992 2916 1125 2996 μείζονα

186 3179 210 3228 2.
235 3174 305 3245 ΕΒ]
328 3189 379 3242 cp,
407 3174 437 3229 ot
454 3173 488 3243 V,
515 3173 565 3228 sed
587 3172 641 3242 ita,
669 3173 1049 3229 utsslitteraemimilis
1074 3173 1123 3242 sit3

115 3247 210 3299 EAv.
284 3249 309 3298 5.
328 3242 395 3316 ἄρα]
415 3260 468 3299 om.
487 3261 510 3300 ι.
585 3249 608 3298 7.
626 3245 689 3316 τοῦ]
707 3261 782 3314 vop,
808 3260 877 3299 corr.
896 3261 930 3299 ex
947 3243 979 3299 τό
997 3245 1123 3300 m.1V.

149 3322 175 3370 Δ
183 3317 220 3387 Ζ]
248 3318 299 3371 ΖΔ
317 3332 344 3385 p.
435 3320 476 3370 10.
501 3311 640 3389 μέγιστοι]
664 3332 718 3370 om.
737 3315 819 3385 ch,
847 3332 915 3371 corr.
934 3315 1037 3387 Halley
1061 3334 1125 3370 cum

115 3385 219 3442 Comm.
301 3383 369 3458 ἔστί]
388 3402 442 3440 om.
462 3402 485 3440 c.
576 3392 616 3441 16.
637 3383 784 3459 Mum]
804 3385 939 3445 ἐλάσσονα
957 3408 985 3459 p.
1063 3388 1110 3461 ἔχῃ

110 3473 176 3510 eon
192 3474 229 3512 ex
246 3457 302 3529 ἔχει
320 3463 387 3513 m.1
408 3455 508 3529 σέχει
524 3474 551 3512 v.
611 3462 652 3513 17.
672 3455 730 3529 ἴση]
747 3457 766 3528 ἡ
786 3456 831 3530 ἴση
850 3477 873 3515 ε.
937 3466 979 3515 18.
997 3457 1110 3530 μείζονα

95 3540 149 3578 om,
167 3543 189 3581 ε.
249 3534 292 3584 21.
314 3527 465 3600 τετμήσθω
482 3530 562 3604 δίχα]
582 3525 650 3604 δίχα
664 3527 815 3600 τετμήσθω
828 3549 862 3600 ω.
911 3529 963 3599 τάχ
973 3549 1006 3597 ῃ,
1019 3531 1051 3584 τε
1069 3531 1123 3585 Vc.
