2430 3854
129 131 193 196 104
397 133 484 185 ΠΕΡΙ
501 132 716 185 ΚνωωΔΡου
733 134 871 184 woman.

126 278 184 340 καί
210 275 300 340 ἐστιν
328 281 381 359 ἴση
409 277 430 360 ἡ
453 280 517 341 ΕΖ
539 286 578 362 τῇ
601 281 641 341 Η
644 281 686 340 Θ·
715 281 768 359 ίση
792 277 856 361 ἄρα
878 273 934 339 καὶ
956 273 977 356 ἡ
1001 278 1083 338 AM
1100 286 1142 361 τῇ

127 387 166 447 Ν
168 381 205 455 Ξ.
251 381 315 446 είσὶ
343 379 380 447 δὲ
401 380 457 446 καὶ
480 382 697 467 παράλληλοι·
721 382 930 467 παράλληλος
953 383 1017 466 ἄρα
1039 381 1096 446 καὶ
1120 382 1142 464 ἡ

127 488 202 562 ΜΞ
221 489 336 554 εὐθεῖα
358 496 398 573 τῇ
422 492 500 553 AN

191 593 268 659 Ἐὰν
300 596 341 678 δὴ
371 596 407 659 τὸ
435 592 496 678 μέν
522 598 558 658 K
584 607 720 679 σημείου
749 595 957 679 ὑποθώμεθα
987 589 1072 659 εἶναι
1103 596 1143 659 τὸ

91 713 107 761 5
127 704 280 785 φωτίζον,
298 702 335 765 τὸ
354 698 391 764 δέ
409 704 480 766 ΑΓ
493 704 835 787 παραλληλόγραμμον
852 702 890 766 τὸ
910 700 1144 786 ἐπιπροσθοῦν

126 819 198 883 ταῖς
227 806 370 890 ἀκτῖσιν,
400 812 465 872 εἴτε
492 806 570 872 καθ’
603 808 684 872 αὑτὸ
715 813 765 891 εἴη
795 813 859 872 είτε
892 806 928 872 ἐν
959 808 1141 895 κυλίνδρῳ,

127 916 326 997 συμβήσεται
349 914 407 990 τὰς
429 912 493 978 ἀπὸ
516 923 576 978 τοῦ
599 918 628 978 Κ
646 918 845 998 φωτίζοντος
868 913 1001 991 ἀκτῖνας
1025 913 1142 997 ἐκβαλ-

125 1018 267 1104 λομένας
292 1020 461 1106 ὁρίζεσθαι
486 1030 526 1106 τῇ
549 1044 583 1084 τε
605 1025 682 1085 ΜΛ
704 1019 821 1105 καλιῇ
844 1024 882 1085 Ν
884 1020 915 1094 Ξ
934 1019 1061 1107 εὐθείᾳ,
1084 1019 1142 1087 καὶ

126 1127 163 1191 τὸ
177 1124 296 1210 μεταξὺ
310 1137 377 1190 τῶν
391 1130 477 1210 ΜΛ,
491 1125 563 1200 ΞΝ
572 1129 791 1212 παραλλήλων
806 1125 1020 1210 ἐσκιασμένον
1038 1129 1142 1192 ἔσται.

74 1245 108 1294 10
194 1233 245 1298 ὅτι
273 1230 334 1317 μέν
361 1228 423 1298 οὖν
446 1232 655 1319 παράλληλος
676 1231 731 1297 καὶ
753 1231 774 1315 ἡ
798 1239 869 1297 ΔΑ
891 1242 930 1318 τῇ
954 1235 1015 1296 ΓΒ
1038 1232 1096 1297 καὶ
1119 1233 1141 1316 ἡ

125 1342 197 1404 NA
220 1348 259 1424 τῇ
284 1337 369 1421 ΞΜ,
393 1337 569 1403 δέδεικται·
597 1338 637 1402 οὐ
660 1340 726 1423 μὴν
748 1337 803 1404 καὶ
827 1338 913 1403 οὕτω
937 1347 1141 1421 φανοῦνται·

125 1455 193 1509 τῶν
215 1445 277 1531 γδιρ
297 1449 386 1529 ΛΜ,
405 1450 444 1510 Ν
445 1407 485 1519 μ’,
496 1446 700 1510 διαστάσεων
717 1444 737 1527 ἡ
757 1444 933 1531 ἐγγύτερον
955 1453 1013 1528 τῆς
1031 1447 1142 1522 ὄψεως

125 1554 244 1635 μείζων
266 1555 432 1635 φαίνεται·
461 1561 565 1616 ταῦτα
588 1548 625 1616 δὲ
648 1553 895 1637 παρειλήφαμεν
919 1551 954 1616 ἐκ
976 1562 1044 1615 τών
1065 1549 1140 1616 Ὀπ-

125 1668 234 1723 τινῶν.

72 1775 105 1824 15
190 1762 320 1849 Ἐπειδὴ
348 1761 385 1829 δὲ
412 1767 651 1850 παρακείμενόν
676 1764 744 1829 ἐστι
767 1762 823 1829 καὶ
845 1761 920 1849 περὶ
942 1772 1002 1828 τοῦ
1025 1765 1140 1829 κώνου

125 1878 295 1958 θεωρῆσαι
322 1872 359 1935 τὸ
383 1871 499 1955 ὅμοιον
522 1872 577 1935 διδ
600 1872 637 1936 τὸ
660 1872 775 1936 κοινὸν
798 1866 883 1935 εἶναι
906 1872 967 1954 την
990 1872 1140 1948 ἔλλειψιν

73 1964 77 1971 ’
125 1986 185 2042 τοῦ
209 2001 243 2042 τε
260 1978 371 2042 κώνου
389 1975 445 2041 καὶ
463 1985 523 2041 τοῦ
541 1979 735 2063 κυλίνδρου,
754 1980 904 2042 ἔσκεπται
927 1973 964 2040 δέ
982 1975 1057 2063 περὶ
1077 1985 1140 2041 τοῦ

124 2085 322 2170 κυλίνδρου,
346 2081 426 2169 φέρε
448 2080 504 2147 καὶ
527 2081 602 2169 περὶ
624 2092 684 2148 τοῦ
706 2084 816 2148 κώνου
840 2083 1046 2166 σκεψώμεθα.

598 2275 662 2342 λα’.

55 2413 107 2462 ,20
191 2401 267 2468 Ἐδιν
285 2404 450 2488 τριγώνου
470 2408 584 2487 ληφθῇ
604 2413 739 2486 σημείου
758 2401 859 2484 ἐκτός,
881 2399 936 2466 καὶ
956 2400 1011 2466 ἀπ’
1033 2403 1139 2467 αὐτοῦ

127 2507 215 2594 ἄχθη
242 2532 292 2585 τις
319 2509 434 2574 εὐθεῖα
460 2507 625 2592 τέμνουσα
651 2509 689 2573 τὸ
717 2511 894 2594 τρίγωνον,
923 2507 986 2573 ἀπὸ
1015 2505 1052 2573 δὲ
1080 2519 1140 2593 τῆς

125 2624 275 2700 κορυφῆς
293 2614 346 2680 ἐπὶ
364 2618 426 2700 την
443 2616 543 2699 βάσιν
561 2615 649 2701 ἀχθῇ
668 2639 718 2691 τις
736 2612 829 2700 ἑτέρα
843 2615 959 2679 εὐθεῖα
972 2614 1139 2700 τέμνουσα

125 2722 186 2803 την
210 2720 389 2805 διηγμένην
412 2722 532 2805 οὕτως,
555 2723 638 2786 ὥστε
661 2724 760 2805 ἔχειν,
784 2721 828 2798 ὡς
851 2721 910 2804 ὅλη
933 2721 954 2805 ἡ
978 2721 1139 2806 διηγμένη

126 2827 208 2911 πρὸς
234 2827 296 2909 την
319 2825 410 2903 ἐκτὸς
432 2836 492 2892 τοῦ
515 2828 695 2914 τριγώνου,
723 2827 828 2903 οὕτως
850 2837 908 2911 τῆς
931 2827 1024 2905 έντὸς
1046 2829 1139 2894 νἰπει-

73 2944 108 2992 25
127 2931 291 3018 λημμένης
318 2932 355 2997 τὸ
383 2938 492 3018 μειῖον
519 2943 627 3018 τμῆμα
649 2935 731 3019 πρὸς
754 2936 791 2999 τὸ
815 2937 954 2999 ἔλασσον
976 2933 1032 3000 καὶ
1054 2937 1139 3021 πρὸς

125 3051 171 3129 τῷ
205 3040 297 3115 ἐκτὸς
328 3047 387 3104 τοῦ
419 3042 584 3126 τριγώνου
616 3044 781 3124 κείμενον,
813 3041 886 3124 ἥτις
914 3040 957 3105 ἂν
984 3040 1048 3106 ἀπὸ
1077 3051 1140 3107 τοῦ

125 3145 315 3231 ληφθέντος
342 3151 477 3231 σημείου
503 3146 591 3233 ἀχθῇ
615 3147 731 3212 εὐθεῖα
762 3146 927 3232 τέμνουσα
953 3149 991 3213 τὸ
1019 3152 1138 3234 τρίγω-

124 3277 199 3340 νον,
227 3251 393 3335 ιἰνάλογον
420 3256 510 3319 ἔσται
537 3251 716 3337 τετμημένη
739 3253 804 3319 ὑπὸ
828 3264 885 3338 τῆς
907 3253 1050 3339 ἠγμένης
1074 3255 1139 3321 ἀπὸ

195 3415 220 3464 4.
240 3406 327 3482 εἶναι]
345 3427 396 3479 νο,
416 3430 459 3464 -ν-
479 3425 558 3464 euan.
574 3411 606 3465 V.
675 3415 699 3465 8.
720 3413 799 3536 MAI}
818 3415 873 3465 NA
891 3411 1001 3481 Halley.
1061 3414 1137 3484 ΝΞ]

112 3480 311 3550 ΜΞΗαΙΙογ,
388 3486 410 3537 9.
431 3485 502 3552 MA,
517 3483 595 3555 ΞΝ]
616 3484 678 3552 ΝΛ,
693 3484 757 3542 ΜΞ
800 3482 875 3552 εΠεγ
894 3482 995 3554 (male).
1065 3483 1138 3540 ἐσκι-

96 3579 118 3615 ἱ
