2430 3854
417 157 467 206 nn
486 155 663 208 sncnoun
683 156 778 207 coni.
1036 154 1100 217 125

157 302 292 364 dueatur
310 302 417 364 rectae
438 302 498 363 ΓΒ
516 299 672 384 parallela
689 303 764 363 ΔΕ.
799 298 953 381 quoniam
972 304 1067 374 [ΔΑ
1074 304 1106 364 Γ

87 411 198 471 rectus
227 411 289 490 est,
317 409 457 480 [ΔΕΓ
480 406 615 469 obtusus
642 409 692 468 est
716 404 821 488 [Euel.
840 404 866 488 Ι,
886 405 956 489 16];
988 405 1099 488 iaque

88 516 161 577 ΛΓ
171 525 204 585 >
218 519 252 577 Δ
256 517 288 576 Ε
309 513 414 596 [Eual.
432 511 458 596 I,
480 512 543 594 19].
590 533 688 595 quare

268 622 329 683 ΓΛ
342 643 349 682 :
364 625 478 691 AA‘>
493 623 562 682 EA
576 641 583 681 τ
597 625 668 683 ΛΑ
691 618 797 702 [Euel.
815 617 855 701 V,
875 618 924 702 8],

87 727 118 790 h.
140 749 166 789 e.
190 726 295 809 [Euel.
313 724 371 811 VI,
387 726 423 809 4]
446 736 480 798 >
497 728 557 789 ΓΒ
573 749 580 788 :
595 730 669 790 BA.

568 938 626 1002 Ill.

159 1063 194 1127 Si
218 1086 317 1128 eonus
341 1068 448 1128 rectus
471 1086 529 1148 per
552 1063 708 1126 uerticem
737 1063 842 1145 planis
871 1067 1011 1145 secatur,
1042 1063 1100 1126 tri-

88 1171 285 1256 angulorum
302 1171 338 1233 in
356 1170 554 1234 sectionibus
570 1173 723 1252 ortorum,
743 1169 799 1253 qui
814 1170 963 1254 aequales
978 1169 1100 1233 habent

87 1279 198 1362 bases,
220 1277 306 1341 inter
329 1299 362 1340 se
387 1281 463 1341 sunt
486 1275 645 1360 aequales

560 1383 604 1446 sit
637 1405 750 1468 senua,
787 1383 878 1448 euius
910 1386 1022 1445 uertex
1059 1382 1102 1444 sit

492 1494 649 1574 punctum
667 1495 705 1574 Α,
727 1488 814 1553 basis
834 1493 943 1553 autem
961 1489 1099 1553 enaldus

494 1596 614 1661 circum
656 1600 802 1660 centrum
841 1600 869 1660 B
911 1595 1101 1680 descriptus,

493 1724 573 1767 cono
598 1706 707 1766 autem
733 1723 791 1786 per
815 1701 971 1766 uerticem
993 1692 1115 1786 planis*

494 1813 581 1873 seete
623 1807 805 1872 efficiantur
845 1806 1002 1892 trianguli
1043 1829 1100 1891 per

493 1915 669 1979 sectionem
702 1913 779 1998 orti3
809 1937 886 1978 nam
918 1912 1099 1997 triangulos

492 2022 625 2086 efficere
647 2021 715 2084 eius
743 2020 831 2084 modi
861 2019 1034 2102 sectiones,
1065 2018 1101 2081 in

492 2127 564 2190 aliis
579 2128 822 2190 demonstratur
836 2124 1000 2210 [Apollon.
1015 2124 1039 2206 Ι,
1056 2125 1099 2209 3].

489 2234 601 2317 itaque
634 2232 739 2297 effecti
772 2231 838 2296 sint
864 2235 976 2316 ΑΓΛ,
999 2236 1099 2295 ΑΕΖ

494 2339 643 2424 aequales
656 2339 814 2402 habentes
831 2339 922 2402 bases
944 2341 1014 2423 ΓΛ,
1028 2343 1099 2402 ΕΖ.

88 2446 172 2529 dice,
195 2445 377 2530 triangulos
402 2448 510 2531 ΑΓΔ,
528 2450 628 2510 ΑΕΖ
652 2445 801 2530 aequales
824 2467 902 2509 esse.

158 2550 311 2634 quoniam
347 2551 433 2615 enim
476 2555 508 2615 et
544 2553 638 2616 bases
679 2551 765 2615 inter
802 2574 835 2615 se
877 2552 1026 2635 aequales
1068 2556 1100 2615 et

88 2664 121 2724 A
130 2661 161 2722 Γ
170 2689 212 2710 =
227 2662 260 2721 A
265 2663 298 2721 A
314 2689 354 2709 ==
370 2663 439 2721 ΑΕ
451 2688 492 2709 =
508 2663 586 2741 AZ,
611 2657 709 2722 etiam
731 2657 914 2743 triangulus
935 2657 1099 2742 triangulo

88 2764 234 2848 aequalis
258 2767 308 2828 est
331 2763 436 2847 [Euel.
455 2763 481 2848 Ι,
500 2763 543 2847 8].

569 2975 624 3039 IV.

157 3101 197 3165 In
221 3099 311 3164 conis
334 3099 432 3165 rectis
456 3099 611 3185 trianguli
635 3100 756 3164 similes
784 3101 869 3165 inter
892 3124 926 3166 se
950 3100 1098 3184 aequales

89 3212 176 3273 sunt.

89 3435 219 3504 ἀλλήλοις
232 3451 259 3502 p.
315 3439 356 3488 18.
376 3435 516 3506 ἀλλήλαις]
531 3434 660 3501 ἀλλήλαις
675 3432 744 3489 εἰσίν
757 3454 784 3504 p.
840 3434 897 3488 ἴσαι
907 3432 1108 3506 (alullslnlq.
1124 3478 1125 3481 ,

127 3513 169 3561 19.
189 3506 256 3576 ΑΖ]
275 3509 326 3558 ΑΖ
345 3504 403 3560 λ’σαι
421 3506 550 3576 ἀλλήλαις
568 3524 594 3577 p.
669 3513 716 3564 λλ).
735 3504 895 3580 ἰ’σονΙλῦιιν
917 3503 1048 3571 tantun.
1118 3440 1156 3615 1
