2430 3854
134 182 199 246 140
447 184 534 234 ΠΕΡΙ
552 183 680 236 ΚΩΝΟΤ
699 185 833 238 ΤΟΜΗΣ,

132 338 171 413 τή
194 327 259 392 ὑπὸ
283 331 393 391 ΑΒΗ
418 334 493 409 ίσήν
516 329 594 410 ἔχει·
627 327 715 412 ὀρθή
739 329 801 412 γδιρ
826 325 973 412 ἑκατέρα·
1006 325 1081 411 περὶ
1106 323 1147 390 δὲ

132 434 240 510 ἄλλας·
255 437 378 516 γωνίας
399 434 458 509 τδις
479 435 624 519 κλευρδις
646 434 826 517 ἀνάλογον,
856 432 991 518 ἑκατέρα
1014 430 1052 498 δὲ
1075 444 1148 498 τῶν

131 546 257 606 λοιπῶν
283 553 350 606 τῶν
377 541 442 606 ὑπὸ
465 545 583 623 ΕΒΗ,
602 545 708 605 ΑΗΒ
736 540 879 605 έίοίττων
908 540 997 605 ἐστίν
1025 540 1145 625 ὀρθῆς,

131 648 228 731 ὅμοια
251 649 315 732 ἄρα
339 645 408 712 ἐστὶ
430 648 470 712 τδι
492 651 647 733 τρίγωνα.
684 648 729 723 ὡς
746 649 811 732 ἄρα
829 648 849 731 ή
868 652 941 712 ΕΗ
959 648 1043 732 πρὸς
1061 651 1149 730 ΗΒ,

96 754 236 830 ῠοῦτως
258 754 278 837 ή
297 759 363 818 ΑΒ
386 756 469 839 πρὸς
486 758 569 819 ΗΒ·
594 760 648 837 ίσή
667 755 731 840 ἄρα
749 755 769 838 ἡ
788 759 854 819 ΑΒ
877 763 916 838 τή
935 758 1014 818 ΕΗ.
1052 753 1144 819 έίοίτ-

129 883 197 925 των
220 856 256 925 δὲ
279 860 392 943 ήΕΗ
409 870 468 944 τής
490 859 525 926 ἐκ
546 869 606 925 τοῦ
624 859 764 945 κέντρου
782 869 840 944 τῆς
858 865 936 924 ΒΕ·
960 859 1016 924 καὶ
1034 860 1055 943 ή
1075 865 1141 925 ΑΒ

130 969 194 1052 ἄρα
221 966 309 1045 ἄξων
337 964 421 1033 οὖσα
448 976 509 1032 τοῦ
531 969 642 1033 κώνου
671 966 814 1032 ε’ίοίττων
838 965 906 1032 ἐστὶ
933 976 991 1049 τής
1019 966 1054 1031 ἐκ
1079 976 1141 1031 τοῦ

129 1072 279 1158 κέντρου·
304 1073 322 1138 δ
344 1073 513 1159 προέκειτο
538 1072 651 1151 δεῖξαι.

196 1179 265 1246 ἐπεὶ
287 1183 404 1245 τοίνυν
427 1179 561 1263 ἐδείχθη
581 1178 634 1244 ἐπὶ
651 1181 871 1264 παραλλήλων
888 1191 957 1244 τῶν
976 1182 1045 1261 ΓΔ,
1065 1184 1147 1262 ΕΖ,

76 1299 110 1348 10
130 1290 287 1372 φανερόν,
311 1288 365 1370 ὡς,
387 1285 450 1351 κᾶν
473 1288 516 1370 μή
539 1287 743 1372 παράλληλοι
767 1282 859 1368 ὦσιν,
883 1282 983 1350 οὐδὲν
1005 1286 1147 1350 διοίσει··

128 1393 262 1477 ἐδείχθη
289 1394 368 1478 γάρ,
401 1394 445 1469 ὡς
467 1394 508 1456 τδι
532 1399 604 1469 ίσας
631 1396 748 1477 έχοντα
775 1393 886 1475 βάσεις
909 1395 1055 1476 τρίγωνα
1083 1399 1138 1457 ίσα

128 1498 205 1565 ἐστί.

605 1623 661 1688 ια’.

199 1751 273 1812 Τῶν
291 1747 403 1813 αὐτῶν
421 1749 529 1813 ὄντων
547 1746 704 1832 δεικτέον,
728 1749 789 1832 ὅτι,
813 1748 870 1813 έδιν
889 1749 1012 1834 διαχθή
1035 1747 1138 1813 πάλιν

75 1867 107 1916 15
127 1853 283 1920 ἐπίπεδον
306 1854 426 1939 τέμνον
448 1856 508 1920 τὸν
530 1867 639 1920 κῶνον
662 1856 718 1920 διὰ
741 1865 799 1939 τής
818 1858 968 1940 κορυφῆς
989 1853 1045 1919 καὶ
1064 1877 1137 1920 ποι-

126 1969 188 2026 οῦν
217 1961 253 2027 έν
276 1971 315 2047 νή
339 1961 433 2045 βάσει
456 1961 593 2027 εὐθεῖαν
620 1970 666 2049 τῷ
689 1961 822 2046 μεγέθει
845 1960 964 2046 μεταξὺ
987 1973 1054 2027 τῶν
1078 1963 1136 2045 βοί-

126 2083 211 2133 σεων
233 2080 301 2133 τῶν
326 2075 407 2134 ίσων
429 2071 616 2156 τριγώνων,
644 2067 750 2133 έκεῖνο
776 2069 814 2133 τὸ
837 2071 1002 2152 τρίγωνον
1025 2071 1141 2151 μείζον-

126 2176 215 2239 έσται
238 2171 393 2260 ἑκατέρου
416 2186 483 2240 τῶν
507 2181 589 2240 ίσων
611 2177 792 2259 τριγώνων.

192 2284 273 2346 ἔστω
297 2282 361 2366 γδιρ
389 2279 442 2345 ἐπὶ
469 2290 527 2365 τής
554 2281 668 2365 ὁμοίας
695 2290 909 2366 καταγραφῆς
935 2281 972 2344 τὸ
996 2281 1052 2344 διδι
1075 2290 1135 2346 τοῦ

72 2399 105 2448 20
124 2384 241 2465 ἄξονος
255 2392 419 2472 τρίγωνον
432 2389 469 2453 τὸ
484 2391 584 2453 ΑΓΛ
603 2394 677 2452 ίσον
690 2398 736 2475 τῷ
750 2388 850 2471 βάσιν
864 2391 971 2471 ἔχοντι
985 2390 1047 2471 τὴν
1060 2393 1093 2452 Ε
1097 2393 1135 2470 Z,

123 2492 178 2558 καὶ
192 2495 321 2578 διήχθω
336 2503 483 2579 τυχοῦσα
497 2495 517 2578 ή
531 2499 613 2559 ΚΜ
625 2494 758 2578 μεγέθει
772 2492 891 2579 μεταξὺ
905 2505 972 2559 τῶν
988 2497 1058 2578 ΓΛ,
1071 2500 1134 2558 ΕΖ

122 2598 178 2664 καὶ
201 2598 337 2688 ἑκατέρα
360 2600 470 2665 αὐτῶν
488 2604 613 2666 κείσθω
632 2601 850 2686 παράλληλος,
873 2599 928 2665 καὶ
947 2601 1076 2684 διήχθω
1096 2603 1135 2665 τὸ

123 2704 288 2769 ἐπίπεδον.
321 2705 404 2788 λέγω
419 2707 472 2789 δή,
494 2707 595 2771 ὅτιτὸ
610 2714 643 2772 Α
648 2711 728 2772 ΚΜ
741 2712 905 2793 τρίγωνον
919 2709 1029 2791 μεῖζόν
1043 2707 1134 2772 ἐστιν

123 2809 277 2896 ἑκατέρου
300 2822 368 2876 τῶν
390 2815 499 2896 ΑΓΔ,
518 2817 627 2877 ΑΕΖ.

69 2931 103 2980 25
189 2918 362 3002 τετμήσθω
386 2919 448 3003 γδιρ
472 2919 573 2984 τοίίιν
600 2920 715 3004 δίχαή
738 2925 820 2985 ΚΜ
841 2931 886 3008 τῷ
910 2924 955 3004 Λ,
984 2919 1038 2985 καὶ
1062 2920 1133 2986 έπε-

123 3026 314 3108 ζεύχθωσαν
337 3026 374 3089 αἱ
390 3030 469 3109 ΑΛ,
488 3030 564 3109 ΒΚ,
583 3031 658 3090 ΒΑ.
695 3025 764 3092 ἐπεὶ
788 3033 861 3091 ἴσον
884 3026 952 3093 ἐστὶ
975 3028 1012 3092 τὸ
1032 3033 1065 3091 Α
1071 3031 1133 3092 ΓΔ

192 3330 215 3378 1.
235 3325 335 3396 ΑΒΗ]
353 3329 437 3379 ΑΗΒ
457 3343 479 3380 ο.
560 3331 584 3380 3.
604 3327 714 3450 ΕΒΗχ
726 3328 811 3379 ΕΗΒ
830 3325 911 3395 ch,
937 3343 1004 3380 corr.
1025 3326 1130 3381 Comm.

156 3401 180 3449 5.
200 3395 266 3466 ΗΒ]
287 3399 344 3449 ΒΗ
359 3415 385 3466 p.
460 3404 483 3451 7.
503 3394 634 3468 ἐλάττων]
652 3415 679 3466 p,

114 3481 181 3518 οων,
204 3467 352 3521 εαιιιίνου
369 3485 405 3521 m.
427 3473 441 3520 1
463 3483 485 3522 ο.
560 3465 628 3522 δ-
648 3467 751 3540 δεῖξαι]
768 3467 802 3535 V,
828 3485 881 3523 om.
902 3486 948 3537 cp.
1022 3474 1063 3522 11.
1083 3468 1118 3521 τοί

713 3400 812 3451 ίαττον
830 3396 883 3451 Vc.
956 3402 980 3451 8.
1000 3395 1117 3464 κέντρου

96 3531 150 3591 τιέε
168 3551 190 3586 e.
268 3535 349 3610 ἴσας]
367 3555 439 3596 σοιν.
460 3556 496 3596 ex
516 3538 564 3597 ίσα
583 3558 621 3597 m.
641 3547 658 3596 1
677 3559 706 3611 p.
778 3546 824 3594 Ἃ.
845 3538 1020 3608 mmm
1033 3557 1072 3605 ρ,
1085 3399 1138 3590 ωδ
