2430 3854
127 167 191 231 110
395 168 483 220 ΠΕΡΙ
500 167 715 219 ΚΤΛῙΝΔΡΟΤ
734 167 870 219 ΤΟΜΗΣ.

192 313 223 374 εί
248 310 311 395 γίιρ
340 311 499 393 δυνατόν,
526 307 629 392 ἡκέτω
654 310 747 387 ἐκτὸς
768 311 851 374 κατὰ
873 310 910 374 τὸ
937 315 969 374 Φ
991 321 1141 394 σημείου,

125 415 181 480 καὶ
204 418 332 500 διήχθω
356 417 376 500 η
400 421 477 481 ΑΗ
484 421 521 480 Ψ
540 417 665 482 εὐθεῖα.
711 415 780 482 ἐπεὶ
808 413 869 498 οὖν
892 418 975 481 κατὰ
997 418 1034 482 τὸ
1058 438 1141 502 προ-

126 521 260 607 θειχθὲν
287 523 403 588 εὐθεῖαί
429 548 479 600 τις
506 522 570 588 ἀπὸ
600 532 658 607 τῆς
679 533 829 609 κορυφῆς
851 522 871 606 ἡ
896 528 975 588 ΑΨ
995 522 1140 607 ἀγομένη

125 629 234 714 τέμνει
256 624 318 713 την
338 634 403 694 ZA
426 630 572 713 εὐθεῖαν,
596 630 679 696 ὥστε
701 625 796 714 εἶναι,
820 627 864 706 ώς
886 631 947 713 την
968 634 1033 693 ZA
1056 632 1142 715 πρὸς

90 748 106 796 5
125 737 187 819 την
209 740 286 820 AE,
310 736 415 813 οὕτως
437 738 498 820 την
523 740 594 800 ΖΗ
612 736 695 821 πρὸς
717 737 778 819 τὴν
801 740 879 820 ΗΕ,
902 734 957 800 καὶ
980 738 1042 820 την
1061 742 1141 801 MA

126 844 190 928 ἄρα
218 842 383 925 ιἰνοίλονον
410 842 527 927 τέμνει.
574 841 618 918 ώς
641 844 705 928 ἄρα
727 841 747 924 ἡ
771 847 848 907 MA
869 844 953 929 πρὸς
974 845 1036 927 την
1059 847 1140 926 ΔΚ,

126 949 231 1025 οὕτως
253 950 273 1033 ἡ
292 953 380 1013 ΜΨ
393 951 476 1035 πρὸς
494 950 555 1032 τὴν
580 952 662 1013 ΨΚ·
686 949 765 1035 ὅπερ
785 947 963 1013 ἀδύνατον·
987 948 1140 1014 ὑπέκειτο

125 1054 199 1140 γάρ,
223 1052 268 1131 ώς
289 1055 309 1138 η
329 1061 406 1120 MA
428 1057 511 1142 πρὸς
533 1058 594 1140 την
612 1059 692 1137 ΔΚ,
716 1055 821 1131 οὕτως
843 1054 863 1137 ἡ
883 1059 958 1119 ΜΛ
976 1057 1060 1141 πρὸς
1078 1058 1140 1139 τὴν

126 1165 202 1232 ΛΚ.
257 1161 278 1244 ἡ
311 1165 374 1248 ἄρα
407 1167 482 1227 ΛΗ
510 1160 730 1246 ἐκβαλλομένη
763 1161 824 1245 οὐχ
855 1160 923 1245 ἥξει
955 1160 1000 1225 δι’
1035 1164 1140 1227 ἄλλον

75 1269 108 1329 10
127 1271 263 1351 σημείου
285 1271 372 1354 πλὴν
395 1278 455 1334 τοῦ
478 1275 524 1333 Α·
548 1269 627 1354 ὅπερ
651 1270 717 1333 ἔδει
741 1266 853 1345 δεῖξαι.

599 1498 662 1583 λβ’.

193 1626 241 1690 At
275 1625 338 1689 ἀπὸ
376 1633 436 1688 τοῦ
469 1623 572 1688 αὐτοῦ
604 1626 741 1708 σημείου
773 1633 915 1707 κωνικης
946 1623 1143 1707 ἐπιφανείας

127 1732 350 1816 ἐφαπτόμεναι
383 1730 511 1795 εὐθεῖαι
542 1728 614 1794 κατ’
645 1729 814 1816 ἀμφότερα
849 1731 890 1795 τὰ
921 1728 1002 1816 μέρη
1036 1739 1139 1794 πᾶσαι

125 1837 203 1904 καθ’
235 1836 308 1914 ἑνὸς
338 1837 503 1923 τριγώνου
531 1841 685 1922 πλευρῶν
712 1837 770 1913 τὰς
799 1835 926 1919 ἐπαφὰς
952 1844 1138 1901 ποιοῦνται.

74 1953 107 2002 15
194 1948 275 2010 ἔστω
302 1954 423 2027 κῶνος,
451 1938 491 2008 οὗ
518 1943 614 2027 βασις
641 1941 701 2027 μὲν
728 1943 746 2008 ὁ
776 1942 851 2029 περὶ
879 1944 915 2007 τὸ
939 1949 971 2006 Α
998 1939 1139 2025 κέντρον

124 2053 254 2136 κύκλος,
276 2052 408 2136 κορυφὴ
432 2046 468 2114 δὲ
491 2051 527 2114 τὸ
550 2054 579 2113 Β
603 2061 753 2133 σημεῖον,
781 2048 869 2127 ίίξων
892 2045 929 2113 δὲ
952 2048 971 2132 ἡ
995 2053 1062 2112 ΑΒ
1086 2048 1138 2113 εὐ-

124 2167 215 2245 θεῖα,
247 2161 383 2242 σημείου
418 2155 458 2221 δέ
481 2179 572 2233 τινος
599 2164 659 2220 τοῦ
689 2160 721 2221 Γ
743 2154 930 2239 ληφθέντος
959 2155 1051 2231 ε’κτὸς
1077 2163 1138 2219 τοῦ

124 2267 234 2331 κώνου
262 2266 422 2349 ἤχθωσαν
449 2262 512 2327 ἀπὸ
540 2271 600 2326 τοῦ
625 2265 656 2326 Γ
679 2263 717 2326 αί
738 2264 812 2345 ΓΛ,
837 2264 901 2325 ΓΕ
922 2261 1051 2326 εὐθεῖαι
1080 2260 1138 2345 ἐφ-

125 2375 304 2456 απτόμεναι
335 2379 393 2454 τῆς
424 2378 483 2434 τοῦ
515 2369 626 2433 κώνου
658 2366 851 2451 ἐπιφανείας
887 2365 939 2431 ἐπὶ
976 2368 1016 2432 τὰ
1054 2368 1137 2433 αὐτὰ

71 2487 106 2536 20
124 2477 214 2565 μέρη.
269 2475 368 2560 λέγω,
400 2476 450 2541 ὅτι
482 2476 522 2539 τὰ
550 2480 593 2558 Ε,
617 2479 649 2538 A
677 2486 793 2558 σημεῖα
820 2483 887 2538 τών
915 2472 1054 2557 έπαφών
1084 2472 1137 2538 ἐπὶ

124 2594 201 2669 μιᾶς
224 2584 357 2659 εὐθείας
380 2582 457 2647 ἐστί.

191 2692 346 2773 κατηχθω
381 2688 445 2753 ἀπὸ
473 2696 533 2751 τοῦ
562 2691 595 2752 Γ
624 2689 760 2771 σημείου
789 2683 842 2750 ἐπὶ
868 2687 930 2769 την
957 2690 1024 2749 ΑΒ
1055 2686 1137 2772 πρὸς

125 2796 231 2882 ὀρθὰς
254 2794 274 2877 ἡ
299 2797 371 2877 ΓΖ,
393 2791 448 2858 καὶ
473 2794 528 2857 διὰ
550 2801 609 2877 τῆς
632 2796 692 2857 ΓΖ
715 2794 809 2877 ἤχθω
833 2792 989 2857 ἐπίπεδον
1012 2793 1135 2878 παρώλ-

125 2906 227 2987 ληλον
253 2910 298 2989 τῷ
326 2909 386 2965 τοῦ
414 2906 446 2965 Α
473 2900 596 2964 κύκλου
625 2897 766 2987 ἐπιπέδῳ
794 2895 849 2962 καὶ
876 2900 1008 2962 ποιείτω
1033 2900 1136 2983 τομην

71 3020 106 3069 25
126 3009 162 3075 ἐν
194 3017 239 3096 τῷ
271 3007 366 3094 κώνω
400 3007 458 3071 τὸν
490 3002 566 3087 περὶ
597 3006 633 3069 τὸ
668 3009 695 3069 Ζ
724 3002 863 3088 κέντρον
888 3004 1026 3087 κύκλον,
1055 3007 1134 3071 ώστε

124 3127 234 3181 κώνον
257 3115 450 3197 ὑποστῆναι,
474 3107 514 3177 οὗ
536 3112 633 3195 βοίσις
654 3108 714 3195 μὲν
738 3110 755 3175 ὁ
781 3114 808 3174 Ζ
830 3111 965 3194 κύκλος,
988 3109 1078 3189 ἄξων
1100 3107 1133 3174 δέ

125 3224 143 3288 ὁ
168 3227 245 3306 ΖΒ,
272 3218 327 3285 καὶ
356 3220 412 3284 διὰ
439 3227 496 3303 τῆς
524 3222 586 3283 ΓΖ
612 3215 668 3281 καί
694 3225 754 3281 τοῦ
782 3214 898 3294 ἄξονος
923 3216 1131 3300 ἐκβεβλήσθω

185 3456 229 3527 13.
250 3449 315 3530 λβ]
332 3465 385 3503 om.
407 3447 440 3505 V.
532 3455 575 3503 24.
599 3446 701 3500 κύκλου
721 3441 855 3518 ἐπιπέδῳ]
874 3460 925 3512 vc,
952 3464 1001 3499 -ov
1021 3444 1047 3499 ἐ·
1066 3459 1127 3498 corr.

96 3529 136 3565 ex
153 3537 177 3569 ω
194 3535 228 3570 112
249 3520 336 3576 scnb.
360 3521 392 3578 V.
