<?xml version="1.0" encoding="UTF-8"?>
<!DOCTYPE html PUBLIC "-//W3C//DTD XHTML 1.0 Transitional//EN"
    "http://www.w3.org/TR/xhtml1/DTD/xhtml1-transitional.dtd">
<html xmlns="http://www.w3.org/1999/xhtml" xml:lang="en" lang="en">
 <head>
  <title>
</title>
<meta http-equiv="Content-Type" content="text/html;charset=utf-8" />
  <meta name='ocr-system' content='tesseract 3.04.00' />
  <meta name='ocr-capabilities' content='ocr_page ocr_carea ocr_par ocr_line ocrx_word'/>
</head>
<body>
  <div class='ocr_page' id='page_1' title='image "./sereniantinoens01heibgoog_0153.png"; bbox 0 0 2430 3854; ppageno 0'>
   <div class='ocr_carea' id='block_1_1' title="bbox 131 156 826 219">
    <p class='ocr_par' dir='ltr' id='par_1_1' title="bbox 131 156 826 219">
     <span class='ocr_line' id='line_1_1' title="bbox 131 156 826 219; baseline -0.014 0"><span class='ocrx_word' id='word_1_1' title='bbox 131 156 193 219; x_wconf 80' lang='grc'><em>128</em></span> <span class='ocrx_word' id='word_1_2' title='bbox 438 159 525 208; x_wconf 77' lang='grc' dir='ltr'>ΠΕΡΙ</span> <span class='ocrx_word' id='word_1_3' title='bbox 543 157 671 209; x_wconf 72' lang='grc' dir='ltr'><em>Κοωου</em></span> <span class='ocrx_word' id='word_1_4' title='bbox 689 157 826 209; x_wconf 78' lang='grc' dir='ltr'><em>ΤοΜΗΣ.</em></span> 
     </span>
    </p>
   </div>
   <div class='ocr_carea' id='block_1_2' title="bbox 47 299 1142 2301">
    <p class='ocr_par' dir='ltr' id='par_1_2' title="bbox 47 299 1142 2301">
     <span class='ocr_line' id='line_1_2' title="bbox 129 299 1141 386; baseline 0.001 -21"><span class='ocrx_word' id='word_1_5' title='bbox 129 305 206 366; x_wconf 93' lang='grc' dir='ltr'><em>ΕΗ.</em></span> <span class='ocrx_word' id='word_1_6' title='bbox 253 301 440 386; x_wconf 78' lang='grc' dir='ltr'><em>ἀφῃρήσθω</em></span> <span class='ocrx_word' id='word_1_7' title='bbox 464 304 580 365; x_wconf 83' lang='grc' dir='ltr'><strong><em>τοίνυν</em></strong></span> <span class='ocrx_word' id='word_1_8' title='bbox 603 311 642 386; x_wconf 77' lang='grc' dir='ltr'><em>τῇ</em></span> <span class='ocrx_word' id='word_1_9' title='bbox 666 305 739 366; x_wconf 95' lang='grc' dir='ltr'><em>ΕΗ</em></span> <span class='ocrx_word' id='word_1_10' title='bbox 765 307 818 383; x_wconf 98' lang='grc' dir='ltr'><em>ἴση</em></span> <span class='ocrx_word' id='word_1_11' title='bbox 842 301 862 384; x_wconf 82' lang='grc' dir='ltr'><em>ἡ</em></span> <span class='ocrx_word' id='word_1_12' title='bbox 886 305 966 380; x_wconf 92' lang='grc' dir='ltr'><em>ΒΘ,</em></span> <span class='ocrx_word' id='word_1_13' title='bbox 993 299 1050 365; x_wconf 81' lang='grc' dir='ltr'><em>καὶ</em></span> <span class='ocrx_word' id='word_1_14' title='bbox 1074 301 1141 366; x_wconf 85' lang='grc' dir='ltr'><em>ἐκε-</em></span> 
     </span>
     <span class='ocr_line' id='line_1_3' title="bbox 130 404 1140 493; baseline 0.001 -22"><span class='ocrx_word' id='word_1_15' title='bbox 130 409 256 491; x_wconf 82' lang='grc' dir='ltr'><em>ζεύχθω</em></span> <span class='ocrx_word' id='word_1_16' title='bbox 280 406 299 489; x_wconf 79' lang='grc' dir='ltr'><strong><em>ἡ</em></strong></span> <span class='ocrx_word' id='word_1_17' title='bbox 318 412 358 471; x_wconf 93' lang='grc' dir='ltr'><em>Η</em></span> <span class='ocrx_word' id='word_1_18' title='bbox 362 412 397 472; x_wconf 93' lang='grc' dir='ltr'><em>Θ.</em></span> <span class='ocrx_word' id='word_1_19' title='bbox 434 405 489 471; x_wconf 82' lang='grc' dir='ltr'><em>καὶ</em></span> <span class='ocrx_word' id='word_1_20' title='bbox 511 406 579 471; x_wconf 83' lang='grc' dir='ltr'><em>ε’κεῖ</em></span> <span class='ocrx_word' id='word_1_21' title='bbox 603 413 657 489; x_wconf 93' lang='grc' dir='ltr'><em>ἴση</em></span> <span class='ocrx_word' id='word_1_22' title='bbox 677 406 696 489; x_wconf 79' lang='grc' dir='ltr'><strong><em>ἡ</em></strong></span> <span class='ocrx_word' id='word_1_23' title='bbox 716 404 776 491; x_wconf 73' lang='grc' dir='ltr'><em>μὲν</em></span> <span class='ocrx_word' id='word_1_24' title='bbox 795 411 869 472; x_wconf 91' lang='grc' dir='ltr'><em>ΕΗ</em></span> <span class='ocrx_word' id='word_1_25' title='bbox 887 418 926 493; x_wconf 75' lang='grc' dir='ltr'><em>τῇ</em></span> <span class='ocrx_word' id='word_1_26' title='bbox 946 412 1021 490; x_wconf 90' lang='grc' dir='ltr'><em>ΒΘ,</em></span> <span class='ocrx_word' id='word_1_27' title='bbox 1045 411 1140 492; x_wconf 78' lang='grc' dir='ltr'><em>κοινὴ</em></span> 
     </span>
     <span class='ocr_line' id='line_1_4' title="bbox 129 511 1140 598; baseline 0.001 -20"><span class='ocrx_word' id='word_1_28' title='bbox 129 511 165 578; x_wconf 69' lang='grc' dir='ltr'><em>δὲ</em></span> <span class='ocrx_word' id='word_1_29' title='bbox 184 513 298 597; x_wconf 80' lang='grc' dir='ltr'><em>ἡΒΗ,</em></span> <span class='ocrx_word' id='word_1_30' title='bbox 323 515 384 578; x_wconf 77' lang='grc' dir='ltr'><em>δύο</em></span> <span class='ocrx_word' id='word_1_31' title='bbox 404 515 468 598; x_wconf 78' lang='grc' dir='ltr'><em>ἄρα</em></span> <span class='ocrx_word' id='word_1_32' title='bbox 487 512 586 578; x_wconf 75' lang='grc' dir='ltr'><em>δυσὶν</em></span> <span class='ocrx_word' id='word_1_33' title='bbox 605 520 682 578; x_wconf 86' lang='grc' dir='ltr'><em>ἴσοιι.</em></span> <span class='ocrx_word' id='word_1_34' title='bbox 719 512 774 577; x_wconf 85' lang='grc' dir='ltr'><em>καῖ</em></span> <span class='ocrx_word' id='word_1_35' title='bbox 792 517 898 596; x_wconf 85' lang='grc' dir='ltr'><em>γωνία</em></span> <span class='ocrx_word' id='word_1_36' title='bbox 916 513 936 596; x_wconf 81' lang='grc' dir='ltr'><em>η</em></span> <span class='ocrx_word' id='word_1_37' title='bbox 956 514 1021 578; x_wconf 83' lang='grc' dir='ltr'><em>ὑπὸ</em></span> <span class='ocrx_word' id='word_1_38' title='bbox 1037 520 1140 579; x_wconf 91' lang='grc' dir='ltr'><em>ΕΗΒ</em></span> 
     </span>
     <span class='ocr_line' id='line_1_5' title="bbox 128 618 1140 706; baseline -0.001 -21"><span class='ocrx_word' id='word_1_39' title='bbox 128 631 167 706; x_wconf 77' lang='grc' dir='ltr'><em>τῇ</em></span> <span class='ocrx_word' id='word_1_40' title='bbox 190 620 256 685; x_wconf 81' lang='grc' dir='ltr'><em>ὑπὸ</em></span> <span class='ocrx_word' id='word_1_41' title='bbox 279 625 386 685; x_wconf 94' lang='grc' dir='ltr'><em>ΗΒΘ</em></span> <span class='ocrx_word' id='word_1_42' title='bbox 410 626 477 703; x_wconf 90' lang='grc' dir='ltr'><em>ἴση·</em></span> <span class='ocrx_word' id='word_1_43' title='bbox 505 620 592 704; x_wconf 80' lang='grc' dir='ltr'><em>ὀρθὴ</em></span> <span class='ocrx_word' id='word_1_44' title='bbox 615 621 678 705; x_wconf 81' lang='grc' dir='ltr'><em>γάρ</em></span> <span class='ocrx_word' id='word_1_45' title='bbox 703 618 851 704; x_wconf 78' lang='grc' dir='ltr'><em>ἑκατέρα·</em></span> <span class='ocrx_word' id='word_1_46' title='bbox 879 618 934 684; x_wconf 81' lang='grc' dir='ltr'><em>καὶ</em></span> <span class='ocrx_word' id='word_1_47' title='bbox 956 621 1054 703; x_wconf 88' lang='grc' dir='ltr'><em>βάσις</em></span> <span class='ocrx_word' id='word_1_48' title='bbox 1077 624 1140 706; x_wconf 84' lang='grc' dir='ltr'><em>άριι</em></span> 
     </span>
     <span class='ocr_line' id='line_1_6' title="bbox 94 725 1141 813; baseline 0.006 -27"><span class='ocrx_word' id='word_1_49' title='bbox 94 739 109 786; x_wconf 84' lang='lat'>5</span> <span class='ocrx_word' id='word_1_50' title='bbox 129 726 148 810; x_wconf 82' lang='grc' dir='ltr'><em>ἡ</em></span> <span class='ocrx_word' id='word_1_51' title='bbox 168 732 232 792; x_wconf 92' lang='grc' dir='ltr'><em>ΕΒ</em></span> <span class='ocrx_word' id='word_1_52' title='bbox 255 730 294 812; x_wconf 77' lang='grc' dir='ltr'><em>τῇ</em></span> <span class='ocrx_word' id='word_1_53' title='bbox 316 732 388 792; x_wconf 92' lang='grc' dir='ltr'><em>ΘΗ</em></span> <span class='ocrx_word' id='word_1_54' title='bbox 408 733 461 809; x_wconf 91' lang='grc' dir='ltr'><em>ἴση</em></span> <span class='ocrx_word' id='word_1_55' title='bbox 482 726 561 810; x_wconf 84' lang='grc' dir='ltr'><em>ἐστί,</em></span> <span class='ocrx_word' id='word_1_56' title='bbox 584 725 639 790; x_wconf 83' lang='grc' dir='ltr'><em>καὶ</em></span> <span class='ocrx_word' id='word_1_57' title='bbox 658 727 755 810; x_wconf 81' lang='grc' dir='ltr'><em>ὅμοιοι</em></span> <span class='ocrx_word' id='word_1_58' title='bbox 772 728 812 790; x_wconf 82' lang='grc' dir='ltr'><em>τά</em></span> <span class='ocrx_word' id='word_1_59' title='bbox 830 730 988 811; x_wconf 85' lang='grc' dir='ltr'><em>τρίγωνα·</em></span> <span class='ocrx_word' id='word_1_60' title='bbox 1013 729 1059 804; x_wconf 85' lang='grc' dir='ltr'><em>ὡς</em></span> <span class='ocrx_word' id='word_1_61' title='bbox 1078 730 1141 813; x_wconf 78' lang='grc' dir='ltr'><em>ἄρα</em></span> 
     </span>
     <span class='ocr_line' id='line_1_7' title="bbox 129 832 1140 918; baseline 0.001 -20"><span class='ocrx_word' id='word_1_62' title='bbox 129 834 148 917; x_wconf 79' lang='grc' dir='ltr'><strong><em>ἡ</em></strong></span> <span class='ocrx_word' id='word_1_63' title='bbox 173 839 238 898; x_wconf 91' lang='grc' dir='ltr'><em>ΒΕ</em></span> <span class='ocrx_word' id='word_1_64' title='bbox 259 836 342 918; x_wconf 83' lang='grc' dir='ltr'><em>πρὸς</em></span> <span class='ocrx_word' id='word_1_65' title='bbox 363 838 448 917; x_wconf 92' lang='grc' dir='ltr'><em>ΕΗ,</em></span> <span class='ocrx_word' id='word_1_66' title='bbox 477 833 582 909; x_wconf 81' lang='grc' dir='ltr'><em>οὕτως</em></span> <span class='ocrx_word' id='word_1_67' title='bbox 605 833 624 916; x_wconf 79' lang='grc' dir='ltr'><em>ἡ</em></span> <span class='ocrx_word' id='word_1_68' title='bbox 648 837 719 898; x_wconf 92' lang='grc' dir='ltr'><em>ΗΘ</em></span> <span class='ocrx_word' id='word_1_69' title='bbox 741 835 824 918; x_wconf 82' lang='grc' dir='ltr'><em>πρὸς</em></span> <span class='ocrx_word' id='word_1_70' title='bbox 849 838 919 899; x_wconf 90' lang='grc' dir='ltr'><em>ΘΒ.</em></span> <span class='ocrx_word' id='word_1_71' title='bbox 965 833 985 916; x_wconf 83' lang='grc' dir='ltr'><em>η</em></span> <span class='ocrx_word' id='word_1_72' title='bbox 1010 832 1048 899; x_wconf 75' lang='grc' dir='ltr'><em>δὲ</em></span> <span class='ocrx_word' id='word_1_73' title='bbox 1071 839 1140 899; x_wconf 90' lang='grc' dir='ltr'><em>ΗΘ</em></span> 
     </span>
     <span class='ocr_line' id='line_1_8' title="bbox 128 939 1139 1025; baseline 0.001 -20"><span class='ocrx_word' id='word_1_74' title='bbox 128 942 211 1025; x_wconf 83' lang='grc' dir='ltr'><em>πρὸς</em></span> <span class='ocrx_word' id='word_1_75' title='bbox 236 945 297 1005; x_wconf 90' lang='grc' dir='ltr'><em>ΘΒ</em></span> <span class='ocrx_word' id='word_1_76' title='bbox 326 944 457 1025; x_wconf 82' lang='grc' dir='ltr'><em>μείζονα</em></span> <span class='ocrx_word' id='word_1_77' title='bbox 485 943 585 1023; x_wconf 85' lang='grc' dir='ltr'><em>λόγον</em></span> <span class='ocrx_word' id='word_1_78' title='bbox 614 943 678 1023; x_wconf 79' lang='grc' dir='ltr'><em>ἔχει</em></span> <span class='ocrx_word' id='word_1_79' title='bbox 705 941 787 1025; x_wconf 73' lang='grc' dir='ltr'><em>ἤπερ</em></span> <span class='ocrx_word' id='word_1_80' title='bbox 815 939 835 1023; x_wconf 81' lang='grc' dir='ltr'><em>η</em></span> <span class='ocrx_word' id='word_1_81' title='bbox 859 945 931 1005; x_wconf 91' lang='grc' dir='ltr'><em>ΗΑ</em></span> <span class='ocrx_word' id='word_1_82' title='bbox 957 943 1042 1025; x_wconf 83' lang='grc' dir='ltr'><em>πρὸς</em></span> <span class='ocrx_word' id='word_1_83' title='bbox 1065 947 1139 1023; x_wconf 92' lang='grc' dir='ltr'><em>ΑΒ,</em></span> 
     </span>
     <span class='ocr_line' id='line_1_9' title="bbox 129 1046 1142 1133; baseline 0.002 -23"><span class='ocrx_word' id='word_1_84' title='bbox 129 1047 174 1122; x_wconf 83' lang='grc' dir='ltr'><em>ὡς</em></span> <span class='ocrx_word' id='word_1_85' title='bbox 196 1049 410 1133; x_wconf 82' lang='grc' dir='ltr'><em>κροεὸείχθη·</em></span> <span class='ocrx_word' id='word_1_86' title='bbox 434 1047 645 1132; x_wconf 78' lang='grc' dir='ltr'><em>ὀρθογώνιον</em></span> <span class='ocrx_word' id='word_1_87' title='bbox 668 1048 731 1131; x_wconf 84' lang='grc' dir='ltr'><em>γάρ</em></span> <span class='ocrx_word' id='word_1_88' title='bbox 755 1049 791 1111; x_wconf 90' lang='grc' dir='ltr'><em>τὸ</em></span> <span class='ocrx_word' id='word_1_89' title='bbox 812 1052 924 1112; x_wconf 93' lang='grc' dir='ltr'><em>ΑΒΗ.</em></span> <span class='ocrx_word' id='word_1_90' title='bbox 961 1046 1018 1111; x_wconf 82' lang='grc' dir='ltr'><em>καὶ</em></span> <span class='ocrx_word' id='word_1_91' title='bbox 1038 1048 1058 1131; x_wconf 82' lang='grc' dir='ltr'><em>η</em></span> <span class='ocrx_word' id='word_1_92' title='bbox 1078 1053 1142 1112; x_wconf 89' lang='grc' dir='ltr'><em>ΒΕ</em></span> 
     </span>
     <span class='ocr_line' id='line_1_10' title="bbox 129 1151 1141 1238; baseline 0.002 -21"><span class='ocrx_word' id='word_1_93' title='bbox 129 1155 193 1238; x_wconf 85' lang='grc' dir='ltr'><em>άριι</em></span> <span class='ocrx_word' id='word_1_94' title='bbox 222 1155 305 1238; x_wconf 81' lang='grc' dir='ltr'><em>πρὸς</em></span> <span class='ocrx_word' id='word_1_95' title='bbox 332 1157 415 1237; x_wconf 92' lang='grc' dir='ltr'><em>ΕΗ,</em></span> <span class='ocrx_word' id='word_1_96' title='bbox 447 1151 618 1218; x_wconf 81' lang='grc' dir='ltr'><em>τουτέστιν</em></span> <span class='ocrx_word' id='word_1_97' title='bbox 645 1152 664 1236; x_wconf 82' lang='grc' dir='ltr'><em>ἡ</em></span> <span class='ocrx_word' id='word_1_98' title='bbox 695 1156 755 1217; x_wconf 91' lang='grc' dir='ltr'><em>ΓΒ</em></span> <span class='ocrx_word' id='word_1_99' title='bbox 787 1155 870 1238; x_wconf 81' lang='grc' dir='ltr'><em>πρὸς</em></span> <span class='ocrx_word' id='word_1_100' title='bbox 892 1158 977 1237; x_wconf 92' lang='grc' dir='ltr'><em>ΕΗ,</em></span> <span class='ocrx_word' id='word_1_101' title='bbox 1009 1158 1141 1238; x_wconf 81' lang='grc' dir='ltr'><em>μείζονα</em></span> 
     </span>
     <span class='ocr_line' id='line_1_11' title="bbox 78 1258 1141 1345; baseline 0.008 -27"><span class='ocrx_word' id='word_1_102' title='bbox 78 1272 109 1319; x_wconf 89' lang='grc'><em>10</em></span> <span class='ocrx_word' id='word_1_103' title='bbox 130 1262 230 1342; x_wconf 87' lang='grc' dir='ltr'><em>λόγου</em></span> <span class='ocrx_word' id='word_1_104' title='bbox 259 1262 323 1343; x_wconf 81' lang='grc' dir='ltr'><em>ἔχει</em></span> <span class='ocrx_word' id='word_1_105' title='bbox 351 1261 432 1344; x_wconf 76' lang='grc' dir='ltr'><em>ἥπερ</em></span> <span class='ocrx_word' id='word_1_106' title='bbox 461 1258 481 1341; x_wconf 82' lang='grc' dir='ltr'><em>η</em></span> <span class='ocrx_word' id='word_1_107' title='bbox 510 1263 586 1323; x_wconf 89' lang='grc' dir='ltr'><em>ΑΗ</em></span> <span class='ocrx_word' id='word_1_108' title='bbox 608 1260 691 1344; x_wconf 83' lang='grc' dir='ltr'><em>πρὸς</em></span> <span class='ocrx_word' id='word_1_109' title='bbox 714 1264 792 1323; x_wconf 90' lang='lat' dir='ltr'><em>AB·</em></span> <span class='ocrx_word' id='word_1_110' title='bbox 824 1261 861 1324; x_wconf 91' lang='grc' dir='ltr'><em>τὸ</em></span> <span class='ocrx_word' id='word_1_111' title='bbox 889 1260 953 1345; x_wconf 77' lang='grc' dir='ltr'><em>ἄρα</em></span> <span class='ocrx_word' id='word_1_112' title='bbox 980 1260 1046 1325; x_wconf 82' lang='grc' dir='ltr'><em>ὑπὸ</em></span> <span class='ocrx_word' id='word_1_113' title='bbox 1074 1273 1141 1326; x_wconf 81' lang='grc' dir='ltr'><em>τῶν</em></span> 
     </span>
     <span class='ocr_line' id='line_1_12' title="bbox 131 1365 1140 1449; baseline 0.003 -20"><span class='ocrx_word' id='word_1_114' title='bbox 131 1370 206 1448; x_wconf 86' lang='grc' dir='ltr'><em>ΓΑ,</em></span> <span class='ocrx_word' id='word_1_115' title='bbox 226 1370 292 1430; x_wconf 91' lang='grc' dir='ltr'><em>ΒΑ</em></span> <span class='ocrx_word' id='word_1_116' title='bbox 319 1368 428 1449; x_wconf 80' lang='grc' dir='ltr'><em>μεῖζόν</em></span> <span class='ocrx_word' id='word_1_117' title='bbox 457 1365 524 1430; x_wconf 88' lang='grc' dir='ltr'><em>ε’στι</em></span> <span class='ocrx_word' id='word_1_118' title='bbox 552 1374 612 1429; x_wconf 82' lang='grc' dir='ltr'><em>τοῦ</em></span> <span class='ocrx_word' id='word_1_119' title='bbox 639 1365 704 1429; x_wconf 79' lang='grc' dir='ltr'><em>ὑπὸ</em></span> <span class='ocrx_word' id='word_1_120' title='bbox 733 1376 800 1430; x_wconf 84' lang='grc' dir='ltr'><em>τών</em></span> <span class='ocrx_word' id='word_1_121' title='bbox 823 1371 900 1449; x_wconf 83' lang='grc' dir='ltr'><em>ΕΖ,</em></span> <span class='ocrx_word' id='word_1_122' title='bbox 919 1370 992 1431; x_wconf 91' lang='grc' dir='ltr'><em>ΗΑ</em></span> <span class='ocrx_word' id='word_1_123' title='bbox 1020 1369 1077 1432; x_wconf 76' lang='grc' dir='ltr'><em>διὰ</em></span> <span class='ocrx_word' id='word_1_124' title='bbox 1104 1370 1140 1432; x_wconf 88' lang='grc' dir='ltr'><em>τὸ</em></span> 
     </span>
     <span class='ocr_line' id='line_1_13' title="bbox 129 1468 1141 1558; baseline 0.003 -23"><span class='ocrx_word' id='word_1_125' title='bbox 129 1482 261 1556; x_wconf 82' lang='grc' dir='ltr'><em>πρῶτον</em></span> <span class='ocrx_word' id='word_1_126' title='bbox 285 1470 475 1555; x_wconf 89' lang='grc' dir='ltr'><em>λημμάτιον.</em></span> <span class='ocrx_word' id='word_1_127' title='bbox 513 1471 596 1537; x_wconf 85' lang='grc' dir='ltr'><em>άλλὰ</em></span> <span class='ocrx_word' id='word_1_128' title='bbox 619 1480 679 1536; x_wconf 87' lang='grc' dir='ltr'><em>τοῦ</em></span> <span class='ocrx_word' id='word_1_129' title='bbox 702 1468 762 1555; x_wconf 70' lang='grc' dir='ltr'><em>μὲν</em></span> <span class='ocrx_word' id='word_1_130' title='bbox 779 1471 845 1537; x_wconf 81' lang='grc' dir='ltr'><em>ὑπὸ</em></span> <span class='ocrx_word' id='word_1_131' title='bbox 866 1476 935 1556; x_wconf 88' lang='grc' dir='ltr'><em>ΓΔ,</em></span> <span class='ocrx_word' id='word_1_132' title='bbox 953 1478 1020 1538; x_wconf 90' lang='lat' dir='ltr'><em>BA</em></span> <span class='ocrx_word' id='word_1_133' title='bbox 1039 1475 1141 1558; x_wconf 76' lang='grc' dir='ltr'><em>ἥμισύ</em></span> 
     </span>
     <span class='ocr_line' id='line_1_14' title="bbox 47 1572 1139 1664; baseline 0.004 -23"><span class='ocrx_word' id='word_1_134' title='bbox 47 1572 50 1578; x_wconf 65' lang='grc'><strong>’</strong></span> <span class='ocrx_word' id='word_1_135' title='bbox 129 1578 198 1642; x_wconf 84' lang='grc' dir='ltr'><em>ἐστι</em></span> <span class='ocrx_word' id='word_1_136' title='bbox 220 1579 257 1641; x_wconf 93' lang='grc' dir='ltr'><em>τὸ</em></span> <span class='ocrx_word' id='word_1_137' title='bbox 282 1584 313 1641; x_wconf 93' lang='grc' dir='ltr'><em>Α</em></span> <span class='ocrx_word' id='word_1_138' title='bbox 320 1581 379 1642; x_wconf 86' lang='grc' dir='ltr'><em>ΓΑ</em></span> <span class='ocrx_word' id='word_1_139' title='bbox 402 1582 583 1663; x_wconf 86' lang='grc' dir='ltr'><em>τρίγωνον,</em></span> <span class='ocrx_word' id='word_1_140' title='bbox 610 1587 670 1642; x_wconf 86' lang='grc' dir='ltr'><em>τοῦ</em></span> <span class='ocrx_word' id='word_1_141' title='bbox 694 1575 730 1642; x_wconf 71' lang='grc' dir='ltr'><em>δὲ</em></span> <span class='ocrx_word' id='word_1_142' title='bbox 757 1578 822 1643; x_wconf 81' lang='grc' dir='ltr'><em>ὑπὸ</em></span> <span class='ocrx_word' id='word_1_143' title='bbox 846 1584 923 1662; x_wconf 90' lang='grc' dir='ltr'><em>ΕΖ,</em></span> <span class='ocrx_word' id='word_1_144' title='bbox 942 1583 1015 1643; x_wconf 88' lang='grc' dir='ltr'><em>ΗΑ</em></span> <span class='ocrx_word' id='word_1_145' title='bbox 1038 1581 1139 1664; x_wconf 78' lang='grc' dir='ltr'><em>ἥμισυ</em></span> 
     </span>
     <span class='ocr_line' id='line_1_15' title="bbox 129 1683 1140 1771; baseline 0.003 -23"><span class='ocrx_word' id='word_1_146' title='bbox 129 1686 165 1748; x_wconf 90' lang='grc' dir='ltr'><em>τὸ</em></span> <span class='ocrx_word' id='word_1_147' title='bbox 190 1688 290 1748; x_wconf 89' lang='grc' dir='ltr'><em>ΑΕΖ</em></span> <span class='ocrx_word' id='word_1_148' title='bbox 318 1688 493 1769; x_wconf 88' lang='grc' dir='ltr'><em>τρίγωνον·</em></span> <span class='ocrx_word' id='word_1_149' title='bbox 526 1683 582 1748; x_wconf 83' lang='grc' dir='ltr'><em>καὶ</em></span> <span class='ocrx_word' id='word_1_150' title='bbox 609 1686 645 1749; x_wconf 92' lang='grc' dir='ltr'><em>τὸ</em></span> <span class='ocrx_word' id='word_1_151' title='bbox 669 1688 768 1749; x_wconf 84' lang='grc' dir='ltr'><em>ΑΓΛ</em></span> <span class='ocrx_word' id='word_1_152' title='bbox 796 1686 860 1771; x_wconf 77' lang='grc' dir='ltr'><em>ἄρα</em></span> <span class='ocrx_word' id='word_1_153' title='bbox 888 1688 1053 1770; x_wconf 88' lang='grc' dir='ltr'><em>τρίγωνον</em></span> <span class='ocrx_word' id='word_1_154' title='bbox 1081 1697 1140 1751; x_wconf 86' lang='grc' dir='ltr'><em>τοῦ</em></span> 
     </span>
     <span class='ocr_line' id='line_1_16' title="bbox 77 1790 1142 1891; baseline 0.008 -42"><span class='ocrx_word' id='word_1_155' title='bbox 77 1803 109 1850; x_wconf 84' lang='lat'><em>15</em></span> <span class='ocrx_word' id='word_1_156' title='bbox 129 1796 229 1855; x_wconf 84' lang='lat' dir='ltr'><em>AEZ</em></span> <span class='ocrx_word' id='word_1_157' title='bbox 256 1794 366 1875; x_wconf 81' lang='grc' dir='ltr'><em>μεῖζόν</em></span> <span class='ocrx_word' id='word_1_158' title='bbox 390 1790 467 1855; x_wconf 85' lang='grc' dir='ltr'><em>ἐστι.</em></span> <span class='ocrx_word' id='word_1_159' title='bbox 513 1790 568 1855; x_wconf 86' lang='grc' dir='ltr'><em>κιιῖ</em></span> <span class='ocrx_word' id='word_1_160' title='bbox 591 1791 726 1855; x_wconf 86' lang='grc' dir='ltr'><em>πάντων</em></span> <span class='ocrx_word' id='word_1_161' title='bbox 753 1793 817 1877; x_wconf 86' lang='grc' dir='ltr'><em>άροι</em></span> <span class='ocrx_word' id='word_1_162' title='bbox 841 1803 908 1856; x_wconf 84' lang='grc' dir='ltr'><em>τῶν</em></span> <span class='ocrx_word' id='word_1_163' title='bbox 933 1798 1006 1868; x_wconf 86' lang='grc' dir='ltr'><em>ἴσοις</em></span> <span class='ocrx_word' id='word_1_164' title='bbox 1028 1793 1142 1891; x_wconf 84' lang='grc' dir='ltr'><em>βάσεις</em></span> 
     </span>
     <span class='ocr_line' id='line_1_17' title="bbox 129 1896 1141 1983; baseline 0.002 -21"><span class='ocrx_word' id='word_1_165' title='bbox 129 1897 273 1981; x_wconf 81' lang='grc' dir='ltr'><em>ἐχόντων</em></span> <span class='ocrx_word' id='word_1_166' title='bbox 297 1908 335 1983; x_wconf 78' lang='grc' dir='ltr'><em>τῇ</em></span> <span class='ocrx_word' id='word_1_167' title='bbox 354 1903 417 1962; x_wconf 91' lang='grc' dir='ltr'><em>ΕΖ</em></span> <span class='ocrx_word' id='word_1_168' title='bbox 440 1896 495 1961; x_wconf 81' lang='grc' dir='ltr'><em>καὶ</em></span> <span class='ocrx_word' id='word_1_169' title='bbox 519 1898 575 1961; x_wconf 77' lang='grc' dir='ltr'><em>διὰ</em></span> <span class='ocrx_word' id='word_1_170' title='bbox 598 1906 695 1961; x_wconf 84' lang='grc' dir='ltr'><em>τοῦτο</em></span> <span class='ocrx_word' id='word_1_171' title='bbox 715 1903 797 1961; x_wconf 90' lang='grc' dir='ltr'><em>ἴσων</em></span> <span class='ocrx_word' id='word_1_172' title='bbox 816 1899 924 1962; x_wconf 80' lang='grc' dir='ltr'><em>ὄντων</em></span> <span class='ocrx_word' id='word_1_173' title='bbox 942 1902 1053 1982; x_wconf 80' lang='grc' dir='ltr'><em>μεῖζόν</em></span> <span class='ocrx_word' id='word_1_174' title='bbox 1073 1900 1141 1964; x_wconf 83' lang='grc' dir='ltr'><em>ἐστι</em></span> 
     </span>
     <span class='ocr_line' id='line_1_18' title="bbox 128 2000 1142 2088; baseline 0.004 -20"><span class='ocrx_word' id='word_1_175' title='bbox 128 2006 165 2069; x_wconf 89' lang='grc' dir='ltr'><em>τὸ</em></span> <span class='ocrx_word' id='word_1_176' title='bbox 188 2008 296 2069; x_wconf 84' lang='grc' dir='ltr'><em>ΑΓΛ.</em></span> <span class='ocrx_word' id='word_1_177' title='bbox 334 2004 455 2088; x_wconf 85' lang='grc' dir='ltr'><em>ὁμοίως</em></span> <span class='ocrx_word' id='word_1_178' title='bbox 478 2000 514 2067; x_wconf 75' lang='grc' dir='ltr'><em>δὲ</em></span> <span class='ocrx_word' id='word_1_179' title='bbox 538 2001 686 2087; x_wconf 79' lang='grc' dir='ltr'><em>δείξομεν</em></span> <span class='ocrx_word' id='word_1_180' title='bbox 713 2001 768 2067; x_wconf 84' lang='grc' dir='ltr'><em>κιιῖ</em></span> <span class='ocrx_word' id='word_1_181' title='bbox 792 2003 934 2068; x_wconf 80' lang='grc' dir='ltr'><em>ἐπὶτῶν</em></span> <span class='ocrx_word' id='word_1_182' title='bbox 957 2006 1071 2071; x_wconf 85' lang='grc' dir='ltr'><em>άλλων</em></span> <span class='ocrx_word' id='word_1_183' title='bbox 1089 2031 1142 2071; x_wconf 92' lang='grc' dir='ltr'><em>το-</em></span> 
     </span>
     <span class='ocr_line' id='line_1_19' title="bbox 128 2107 1139 2195; baseline 0.004 -21"><span class='ocrx_word' id='word_1_184' title='bbox 128 2120 199 2193; x_wconf 83' lang='grc' dir='ltr'><em>μώυ</em></span> <span class='ocrx_word' id='word_1_185' title='bbox 223 2122 290 2175; x_wconf 85' lang='grc' dir='ltr'><em>τών</em></span> <span class='ocrx_word' id='word_1_186' title='bbox 314 2110 405 2185; x_wconf 83' lang='grc' dir='ltr'><em>ε’κτὸς</em></span> <span class='ocrx_word' id='word_1_187' title='bbox 428 2118 488 2174; x_wconf 84' lang='grc' dir='ltr'><em>τοῦ</em></span> <span class='ocrx_word' id='word_1_188' title='bbox 512 2107 641 2186; x_wconf 84' lang='grc' dir='ltr'><em>άξονος·</em></span> <span class='ocrx_word' id='word_1_189' title='bbox 672 2109 827 2194; x_wconf 79' lang='grc' dir='ltr'><em>μέγιστον</em></span> <span class='ocrx_word' id='word_1_190' title='bbox 851 2113 915 2195; x_wconf 84' lang='grc' dir='ltr'><em>άριι</em></span> <span class='ocrx_word' id='word_1_191' title='bbox 937 2112 974 2176; x_wconf 92' lang='grc' dir='ltr'><em>τὸ</em></span> <span class='ocrx_word' id='word_1_192' title='bbox 1000 2113 1057 2176; x_wconf 78' lang='grc' dir='ltr'><em>διὰ</em></span> <span class='ocrx_word' id='word_1_193' title='bbox 1080 2122 1139 2178; x_wconf 86' lang='grc' dir='ltr'><em>τοῦ</em></span> 
     </span>
     <span class='ocr_line' id='line_1_20' title="bbox 128 2214 441 2301; baseline 0.003 -21"><span class='ocrx_word' id='word_1_194' title='bbox 128 2214 245 2293; x_wconf 85' lang='grc' dir='ltr'><em>άξονος</em></span> <span class='ocrx_word' id='word_1_195' title='bbox 267 2221 441 2301; x_wconf 88' lang='grc' dir='ltr'><em>τρίγωνον.</em></span> 
     </span>
    </p>
   </div>
   <div class='ocr_carea' id='block_1_3' title="bbox 75 2410 1139 3153">
    <p class='ocr_par' dir='ltr' id='par_1_3' title="bbox 75 2410 658 2478">
     <span class='ocr_line' id='line_1_21' title="bbox 75 2410 658 2478; baseline 0.003 -6"><span class='ocrx_word' id='word_1_196' title='bbox 75 2425 109 2473; x_wconf 80' lang='lat'><em>20</em></span> <span class='ocrx_word' id='word_1_197' title='bbox 618 2410 658 2478; x_wconf 85' lang='grc' dir='ltr'><em>ς’.</em></span> 
     </span>
    </p>

    <p class='ocr_par' dir='ltr' id='par_1_4' title="bbox 128 2533 1139 2832">
     <span class='ocr_line' id='line_1_22' title="bbox 185 2533 1139 2620; baseline 0 -20"><span class='ocrx_word' id='word_1_198' title='bbox 185 2534 279 2600; x_wconf 76' lang='grc' dir='ltr'><em>’Ἐστι</em></span> <span class='ocrx_word' id='word_1_199' title='bbox 313 2537 350 2599; x_wconf 91' lang='grc' dir='ltr'><em>τὸ</em></span> <span class='ocrx_word' id='word_1_200' title='bbox 384 2536 463 2600; x_wconf 85' lang='grc' dir='ltr'><em>αὐτὸ</em></span> <span class='ocrx_word' id='word_1_201' title='bbox 500 2533 556 2599; x_wconf 85' lang='grc' dir='ltr'><em>καὶ</em></span> <span class='ocrx_word' id='word_1_202' title='bbox 588 2535 695 2610; x_wconf 84' lang='grc' dir='ltr'><em>άλλως</em></span> <span class='ocrx_word' id='word_1_203' title='bbox 725 2535 992 2620; x_wconf 77' lang='grc' dir='ltr'><em>καθολικώτερον</em></span> <span class='ocrx_word' id='word_1_204' title='bbox 1025 2534 1139 2618; x_wconf 77' lang='grc' dir='ltr'><em>δεῖξαι,</em></span> 
     </span>
     <span class='ocr_line' id='line_1_23' title="bbox 128 2640 1139 2725; baseline 0.001 -19"><span class='ocrx_word' id='word_1_205' title='bbox 128 2643 179 2707; x_wconf 81' lang='grc' dir='ltr'><em>ὅτι</em></span> <span class='ocrx_word' id='word_1_206' title='bbox 206 2640 261 2706; x_wconf 78' lang='grc' dir='ltr'><em>καὶ</em></span> <span class='ocrx_word' id='word_1_207' title='bbox 290 2641 400 2717; x_wconf 83' lang='grc' dir='ltr'><em>ἁττλώς</em></span> <span class='ocrx_word' id='word_1_208' title='bbox 427 2651 494 2705; x_wconf 84' lang='grc' dir='ltr'><em>τῶν</em></span> <span class='ocrx_word' id='word_1_209' title='bbox 517 2642 690 2725; x_wconf 75' lang='grc' dir='ltr'><em>τριγώνων</em></span> <span class='ocrx_word' id='word_1_210' title='bbox 718 2641 754 2705; x_wconf 87' lang='grc' dir='ltr'><em>τὸ</em></span> <span class='ocrx_word' id='word_1_211' title='bbox 777 2643 908 2723; x_wconf 83' lang='grc' dir='ltr'><em>μείζονα</em></span> <span class='ocrx_word' id='word_1_212' title='bbox 935 2641 1035 2723; x_wconf 90' lang='grc' dir='ltr'><em>βάσιν</em></span> <span class='ocrx_word' id='word_1_213' title='bbox 1065 2645 1139 2725; x_wconf 81' lang='grc' dir='ltr'><em>ἔχον</em></span> 
     </span>
     <span class='ocr_line' id='line_1_24' title="bbox 128 2748 338 2832; baseline -0.005 -20"><span class='ocrx_word' id='word_1_214' title='bbox 128 2750 237 2832; x_wconf 80' lang='grc' dir='ltr'><em>μεῖζόν</em></span> <span class='ocrx_word' id='word_1_215' title='bbox 260 2748 338 2812; x_wconf 83' lang='grc' dir='ltr'><em>ἐστι.</em></span> 
     </span>
    </p>

    <p class='ocr_par' dir='ltr' id='par_1_5' title="bbox 195 2851 1139 2939">
     <span class='ocr_line' id='line_1_25' title="bbox 195 2851 1139 2939; baseline -0.001 -20"><span class='ocrx_word' id='word_1_216' title='bbox 195 2853 378 2939; x_wconf 82' lang='grc' dir='ltr'><em>τμηθέντος</em></span> <span class='ocrx_word' id='word_1_217' title='bbox 395 2855 458 2939; x_wconf 84' lang='grc' dir='ltr'><em>γὰρ</em></span> <span class='ocrx_word' id='word_1_218' title='bbox 478 2863 537 2918; x_wconf 90' lang='grc' dir='ltr'><em>τοῦ</em></span> <span class='ocrx_word' id='word_1_219' title='bbox 555 2855 666 2918; x_wconf 84' lang='grc' dir='ltr'><em>κώνου</em></span> <span class='ocrx_word' id='word_1_220' title='bbox 685 2851 833 2935; x_wconf 82' lang='grc' dir='ltr'><em>γενέσθω</em></span> <span class='ocrx_word' id='word_1_221' title='bbox 852 2854 892 2916; x_wconf 84' lang='grc' dir='ltr'><em>τά</em></span> <span class='ocrx_word' id='word_1_222' title='bbox 911 2860 943 2918; x_wconf 90' lang='grc' dir='ltr'><em>Α</em></span> <span class='ocrx_word' id='word_1_223' title='bbox 949 2857 1020 2937; x_wconf 85' lang='grc' dir='ltr'><em>ΓΑ,</em></span> <span class='ocrx_word' id='word_1_224' title='bbox 1037 2860 1139 2918; x_wconf 82' lang='grc' dir='ltr'><em>ΑΖΔ</em></span> 
     </span>
    </p>

    <p class='ocr_par' dir='ltr' id='par_1_6' title="bbox 76 2959 1139 3153">
     <span class='ocr_line' id='line_1_26' title="bbox 76 2959 1139 3047; baseline 0.004 -25"><span class='ocrx_word' id='word_1_225' title='bbox 76 2975 109 3023; x_wconf 79' lang='lat'><em>25</em></span> <span class='ocrx_word' id='word_1_226' title='bbox 128 2964 288 3047; x_wconf 85' lang='grc' dir='ltr'><em>τρίγωνα,</em></span> <span class='ocrx_word' id='word_1_227' title='bbox 312 2962 394 3026; x_wconf 87' lang='grc' dir='ltr'><em>ώστε</em></span> <span class='ocrx_word' id='word_1_228' title='bbox 416 2961 475 3037; x_wconf 83' lang='grc' dir='ltr'><em>τάς</em></span> <span class='ocrx_word' id='word_1_229' title='bbox 498 2964 572 3044; x_wconf 90' lang='grc' dir='ltr'><em>ΓΔ,</em></span> <span class='ocrx_word' id='word_1_230' title='bbox 593 2965 657 3024; x_wconf 85' lang='grc' dir='ltr'><em>ΖΑ</em></span> <span class='ocrx_word' id='word_1_231' title='bbox 680 2961 793 3043; x_wconf 80' lang='grc' dir='ltr'><em>βάσεις</em></span> <span class='ocrx_word' id='word_1_232' title='bbox 816 2959 1017 3042; x_wconf 78' lang='grc' dir='ltr'><em>συμβάλλειν</em></span> <span class='ocrx_word' id='word_1_233' title='bbox 1041 2961 1139 3044; x_wconf 82' lang='grc' dir='ltr'><em>άλλη-</em></span> 
     </span>
     <span class='ocr_line' id='line_1_27' title="bbox 129 3065 1139 3153; baseline -0.002 -19"><span class='ocrx_word' id='word_1_234' title='bbox 129 3075 201 3146; x_wconf 89' lang='grc' dir='ltr'><em>λιιις</em></span> <span class='ocrx_word' id='word_1_235' title='bbox 223 3068 360 3150; x_wconf 78' lang='grc' dir='ltr'><em>κατὰτὸ</em></span> <span class='ocrx_word' id='word_1_236' title='bbox 379 3073 412 3131; x_wconf 90' lang='grc' dir='ltr'><em>Δ</em></span> <span class='ocrx_word' id='word_1_237' title='bbox 434 3066 544 3153; x_wconf 79' lang='grc' dir='ltr'><em>κέρως,</em></span> <span class='ocrx_word' id='word_1_238' title='bbox 567 3065 623 3131; x_wconf 84' lang='grc' dir='ltr'><em>καὶ</em></span> <span class='ocrx_word' id='word_1_239' title='bbox 641 3069 722 3131; x_wconf 78' lang='grc' dir='ltr'><em>ἔστω</em></span> <span class='ocrx_word' id='word_1_240' title='bbox 741 3069 858 3150; x_wconf 82' lang='grc' dir='ltr'><em>μείζων</em></span> <span class='ocrx_word' id='word_1_241' title='bbox 878 3075 935 3150; x_wconf 79' lang='grc' dir='ltr'><em>τῆς</em></span> <span class='ocrx_word' id='word_1_242' title='bbox 955 3068 1060 3152; x_wconf 79' lang='grc' dir='ltr'><em>ΖΛη</em></span> <span class='ocrx_word' id='word_1_243' title='bbox 1082 3071 1139 3132; x_wconf 87' lang='grc' dir='ltr'><em>ΓΛ</em></span> 
     </span>
    </p>
   </div>
   <div class='ocr_carea' id='block_1_4' title="bbox 72 3363 1137 3616">
    <p class='ocr_par' dir='ltr' id='par_1_7' title="bbox 72 3363 1137 3616">
     <span class='ocr_line' id='line_1_28' title="bbox 200 3363 1137 3440; baseline -0.002 -18"><span class='ocrx_word' id='word_1_244' title='bbox 200 3376 222 3422; x_wconf 94' lang='lat'><em>1.</em></span> <span class='ocrx_word' id='word_1_245' title='bbox 242 3369 287 3440; x_wconf 80' lang='grc' dir='ltr'><em>τῇ]</em></span> <span class='ocrx_word' id='word_1_246' title='bbox 307 3375 355 3436; x_wconf 84' lang='grc' dir='ltr'><em>τῆς</em></span> <span class='ocrx_word' id='word_1_247' title='bbox 372 3385 399 3436; x_wconf 90' lang='lat' dir='ltr'><em>p.</em></span> <span class='ocrx_word' id='word_1_248' title='bbox 471 3365 563 3434; x_wconf 83' lang='grc' dir='ltr'><em>ἡΒΘ</em></span> <span class='ocrx_word' id='word_1_249' title='bbox 582 3396 615 3404; x_wconf 93' lang='grc'>-</span> <span class='ocrx_word' id='word_1_250' title='bbox 635 3371 659 3418; x_wconf 80' lang='lat'><em>2.</em></span> <span class='ocrx_word' id='word_1_251' title='bbox 680 3364 736 3436; x_wconf 88' lang='grc' dir='ltr'><em>ἴση]</em></span> <span class='ocrx_word' id='word_1_252' title='bbox 757 3381 809 3418; x_wconf 91' lang='lat' dir='ltr'><em>om.</em></span> <span class='ocrx_word' id='word_1_253' title='bbox 823 3363 876 3433; x_wconf 86' lang='lat' dir='ltr'><em>Vc,</em></span> <span class='ocrx_word' id='word_1_254' title='bbox 896 3363 914 3433; x_wconf 80' lang='grc' dir='ltr'><em>η</em></span> <span class='ocrx_word' id='word_1_255' title='bbox 935 3368 989 3421; x_wconf 90' lang='grc' dir='ltr'><em>ΒΘ</em></span> <span class='ocrx_word' id='word_1_256' title='bbox 1008 3368 1057 3422; x_wconf 82' lang='grc' dir='ltr'><em>καὶ</em></span> <span class='ocrx_word' id='word_1_257' title='bbox 1077 3367 1137 3421; x_wconf 78' lang='grc' dir='ltr'><em>ἐκε-</em></span> 
     </span>
     <span class='ocr_line' id='line_1_29' title="bbox 128 3433 1135 3510; baseline -0.001 -18"><span class='ocrx_word' id='word_1_258' title='bbox 128 3439 235 3509; x_wconf 80' lang='grc' dir='ltr'><em>ζεώχθω</em></span> <span class='ocrx_word' id='word_1_259' title='bbox 258 3440 275 3507; x_wconf 79' lang='grc' dir='ltr'>ἡ</span> <span class='ocrx_word' id='word_1_260' title='bbox 296 3441 362 3494; x_wconf 88' lang='grc' dir='ltr'><em>ΗΘ.</em></span> <span class='ocrx_word' id='word_1_261' title='bbox 400 3436 449 3492; x_wconf 84' lang='grc' dir='ltr'><em>καὶ</em></span> <span class='ocrx_word' id='word_1_262' title='bbox 473 3436 533 3490; x_wconf 73' lang='grc' dir='ltr'><em>ἐπεὶ</em></span> <span class='ocrx_word' id='word_1_263' title='bbox 556 3435 599 3506; x_wconf 86' lang='grc' dir='ltr'><em>ἴση</em></span> <span class='ocrx_word' id='word_1_264' title='bbox 624 3433 675 3504; x_wconf 82' lang='grc' dir='ltr'><em>μέν</em></span> <span class='ocrx_word' id='word_1_265' title='bbox 693 3435 767 3490; x_wconf 74' lang='grc' dir='ltr'><em>ἐστιν</em></span> <span class='ocrx_word' id='word_1_266' title='bbox 789 3453 816 3504; x_wconf 89' lang='lat' dir='ltr'><em>p.</em></span> <span class='ocrx_word' id='word_1_267' title='bbox 909 3442 932 3491; x_wconf 72' lang='grc' dir='ltr'><em>λ.</em></span> <span class='ocrx_word' id='word_1_268' title='bbox 953 3434 1017 3510; x_wconf 79' lang='grc' dir='ltr'><em>μέν]</em></span> <span class='ocrx_word' id='word_1_269' title='bbox 1037 3455 1092 3494; x_wconf 87' lang='lat' dir='ltr'><em>om.</em></span> <span class='ocrx_word' id='word_1_270' title='bbox 1110 3457 1135 3508; x_wconf 89' lang='lat' dir='ltr'><em>p.</em></span> 
     </span>
     <span class='ocr_line' id='line_1_30' title="bbox 72 3494 1135 3616; baseline 0.003 -55"><span class='ocrx_word' id='word_1_271' title='bbox 72 3494 226 3616; x_wconf 59' lang='grc' dir='ltr'><em>ιΒθ]</em></span> <span class='ocrx_word' id='word_1_272' title='bbox 244 3513 271 3564; x_wconf 86' lang='grc' dir='ltr'><em>Θ</em></span> <span class='ocrx_word' id='word_1_273' title='bbox 289 3525 304 3564; x_wconf 84' lang='grc' dir='ltr'><em>θ</em></span> <span class='ocrx_word' id='word_1_274' title='bbox 324 3526 392 3565; x_wconf 77' lang='lat' dir='ltr'>corr.</span> <span class='ocrx_word' id='word_1_275' title='bbox 413 3526 449 3564; x_wconf 92' lang='lat' dir='ltr'><em>m.</em></span> <span class='ocrx_word' id='word_1_276' title='bbox 472 3513 485 3562; x_wconf 95' lang='grc'>1</span> <span class='ocrx_word' id='word_1_277' title='bbox 506 3524 529 3565; x_wconf 72' lang='grc' dir='ltr'><em>(ι.</em></span> <span class='ocrx_word' id='word_1_278' title='bbox 595 3513 620 3563; x_wconf 84' lang='grc'><em>3.</em></span> <span class='ocrx_word' id='word_1_279' title='bbox 640 3506 711 3579; x_wconf 55' lang='grc' dir='ltr'><em>ἴσαιξ</em></span> <span class='ocrx_word' id='word_1_280' title='bbox 729 3505 785 3560; x_wconf 85' lang='grc' dir='ltr'><em>ἴσαι</em></span> <span class='ocrx_word' id='word_1_281' title='bbox 804 3504 856 3560; x_wconf 88' lang='grc' dir='ltr'><em>εἴσῖ</em></span> <span class='ocrx_word' id='word_1_282' title='bbox 874 3524 901 3575; x_wconf 85' lang='lat' dir='ltr'><em>p.</em></span> <span class='ocrx_word' id='word_1_283' title='bbox 970 3516 995 3563; x_wconf 86' lang='lat'><em>4.</em></span> <span class='ocrx_word' id='word_1_284' title='bbox 1016 3508 1073 3582; x_wconf 91' lang='grc' dir='ltr'><em>ἴση]</em></span> <span class='ocrx_word' id='word_1_285' title='bbox 1093 3509 1135 3578; x_wconf 90' lang='grc' dir='ltr'><em>ἴση</em></span> 
     </span>
    </p>
   </div>
   <div class='ocr_carea' id='block_1_5' title="bbox 0 0 1220 3854">
    <p class='ocr_par' dir='ltr' id='par_1_8' title="bbox 0 0 1220 3854">
     <span class='ocr_line' id='line_1_31' title="bbox 0 0 1220 3854; baseline 0 0"><span class='ocrx_word' id='word_1_286' title='bbox 0 0 1220 3854; x_wconf 95' lang='lat' dir='ltr'><em> </em></span> 
     </span>
    </p>
   </div>
  </div>
 </body>
</html>
