2430 3854
395 162 460 213 nn
480 162 656 213 sucrrcun
677 163 770 213 cour.
1032 160 1095 224 201

518 322 668 387 XXXIV.

156 427 190 492 si
218 429 253 492 in
281 450 362 493 cono
391 429 518 493 scaleno
546 451 604 512 per
631 451 724 493 axem
746 428 852 512 planis
876 429 1097 511 compluribus

89 540 177 599 secto
197 535 231 598 in
249 535 382 600 basibus
401 535 565 619 parallelis
580 535 736 620 trianguli
755 535 949 618 aequicrurii
968 537 1098 601 adeam

86 648 214 726 partem
236 664 349 706 uersus
374 646 618 726 construuntur,
646 643 687 707 ad
711 665 808 726 quam
832 643 900 707 axis
922 642 1097 708 inclinatus

88 754 147 833 est,
165 749 404 834 triangulorum
422 753 530 813 autem
549 749 826 834 aequicruriorum
842 750 891 814 ita
909 751 1098 814 effectorum

88 855 206 939 aliquis
229 855 394 941 triangulo
419 855 620 940 aequicruris
643 879 700 942 per
723 879 816 921 axem
838 858 934 922 ducto
954 855 1097 940 aequalis

88 966 147 1043 est,
171 966 260 1026 recta
283 984 302 1026 a
324 962 447 1027 uertice
468 962 508 1026 ad
526 962 632 1027 basim
650 964 806 1049 trianguli
824 963 1098 1048 perpendicularis

88 1067 191 1131 maior
215 1067 277 1132 erit
300 1090 367 1132 axe.

155 1175 197 1238 sit
222 1197 321 1240 conus
346 1175 504 1262 scalenus
527 1177 618 1240 cuius
642 1181 755 1241 uertex
774 1177 817 1242 sit
835 1182 877 1261 A,
900 1176 969 1241 axis
988 1181 1098 1241 autem

88 1285 152 1344 AB
181 1282 221 1346 ad
249 1287 358 1366 partes
381 1288 414 1346 Δ
441 1304 555 1347 uersus
577 1283 767 1368 inclinatus,
793 1284 881 1348 basis
905 1287 1013 1347 autem
1037 1283 1098 1347 cir-

645 1391 737 1455 culus
783 1392 905 1456 circum
951 1394 1098 1455 centrum

646 1502 673 1561 B
704 1497 900 1582 descriptus,
941 1495 1098 1581 trianguli

645 1609 755 1669 autem
778 1604 818 1668 ad
845 1603 1002 1668 circulum
1029 1623 1098 1686 per·

643 1711 895 1795 pendiculariter
922 1731 980 1794 per
1006 1730 1098 1772 axem

568 1857 593 1900 A
646 1816 734 1882 ducti
775 1817 863 1881 basis
905 1816 949 1880 sit
986 1818 1098 1898 ΓΒΔ,

645 1925 866 2006 ducanturque
905 1921 940 1985 in
977 1920 1097 1984 circulo

646 2032 686 2096 ad
719 2034 785 2095 ΓΔ
818 2026 1099 2114 perpendiculares

646 2142 719 2222 BZ,
732 2141 810 2220 ΕΗ,
827 2140 860 2200 et
873 2135 1011 2199 ducatur
1025 2139 1057 2196 A
1062 2137 1101 2217 E,

646 2248 924 2329 supponaturque‚
954 2239 1098 2323 triangu-

645 2350 714 2413 lum
760 2346 997 2432 aequicrurium
1041 2366 1099 2428 per

88 2460 168 2538 ΛΕ,
192 2459 266 2518 ΕΗ
290 2455 422 2520 ductum
450 2457 618 2540 aequalem
646 2479 715 2521 esse
743 2454 907 2541 triangulo
940 2473 997 2537 per
1024 2455 1100 2536 AB,

89 2565 166 2645 BZ,
193 2562 256 2626 hoc
282 2567 332 2626 est
360 2562 464 2647 [prop.
487 2561 594 2648 XXll]
622 2563 785 2650 triangulo
814 2558 1017 2646 aequicruris
1042 2556 1116 2643 per*

89 2690 181 2732 axem
204 2669 310 2733 ducto,
357 2668 443 2754 dico,
465 2691 535 2734 esse
559 2675 628 2735 ΛΕ
640 2681 673 2742 >
689 2674 763 2734 AB.

156 2775 309 2858 quoniam
328 2775 414 2838 enim
431 2776 614 2863 triangulus
634 2776 853 2861 aequicrurius
869 2797 927 2859 per
941 2778 1017 2859 ΑΕ,
1030 2776 1104 2837 ΕΗ

89 2881 203 2945 ductus
228 2882 392 2967 triangulo
416 2903 474 2967 per
496 2887 562 2947 AB
567 2933 575 2968 ,
600 2887 663 2947 ΒΖ
686 2883 830 2967 aequalis
854 2886 912 2965 est,
936 2884 969 2945 et
993 2879 1099 2964 [Eucl.

87 2986 642 3073 Ι,41]ΑΕ><ΕΗ-·ΑΒ><ΒΖ,
658 2989 1100 3055 eritBZ:EH=EA:AB

88 3093 194 3177 [Eucl.
201 3093 254 3179 VI,
266 3096 332 3181 16].
358 3101 408 3161 est
423 3101 531 3162 autem
545 3101 608 3161 ΒΖ
618 3108 651 3170 >
663 3101 733 3161 HE
746 3096 850 3181 [Eucl.
860 3094 921 3176 Ill,
932 3093 1003 3176 15];
1022 3113 1099 3176 ergo

87 3203 186 3268 etiam
208 3208 275 3267 EA
288 3213 322 3276 >
337 3208 370 3267 Α
375 3207 411 3267 Β.

529 3291 661 3356 XXXV.

117 3423 119 3426 ·
155 3395 242 3461 siin
261 3415 342 3463 cono
362 3398 489 3463 scaleno
507 3421 565 3482 per
583 3398 740 3463 uerticem
754 3395 860 3480 planis
880 3391 1100 3477 compluribus
1136 3378 1141 3384 ⁴

89 3509 177 3568 secto
209 3504 244 3567 in
278 3504 411 3571 basibus
443 3504 611 3593 parallelis
646 3503 815 3589 trianguli
841 3497 1110 3623 aequicrurius}
