2430 3854
340 208 344 217 .
364 167 414 218 DE
433 166 610 219 SECTIONE
629 167 808 219 GYLINDRI.
1049 164 1092 227 29

82 309 184 395 igitur
211 331 323 374 secans
351 314 408 374 aut
435 310 541 374 basim
569 331 696 394 quoque
723 313 892 393 utramque
924 314 1012 374 secat
1036 314 1093 373 aut

84 416 220 481 alteram
257 420 313 480 aut
345 421 502 480 neutram.
556 416 621 479 iam
653 417 794 500 primum
825 420 976 480 neutram
1008 421 1094 481 secet

81 523 264 606 efficiatque
292 523 327 586 in
355 523 523 606 superficie
553 522 690 607 cylindri
713 523 832 587 lineam
856 526 965 587 ΓΕΔ.
1012 522 1094 607 dioc,

82 629 201 695 lineam
238 633 337 694 ΓΕΑ
375 651 478 713 neque
516 628 672 693 circulum
709 651 778 693 esse
814 650 918 713 neque
954 629 1093 713 figuram

77 735 290 801 ›rectilineam

149 842 214 906 iam
247 842 447 907 rectilineam
480 843 617 927 figuram
645 863 715 906 eam
743 864 808 906 non
835 864 918 918 esse,
950 842 1091 925 adparet.

81 971 171 1032 nam,
195 949 223 1012 si
245 949 315 1013 fieri
337 953 460 1033 potest,
483 949 526 1012 sit
548 949 655 1033 figura
676 949 858 1033 rectilinea,
882 952 1092 1031 sumaturque

81 1055 169 1119 latus
197 1055 329 1138 aliquod
356 1055 424 1119 eius
449 1058 519 1119 ΓΕ.
565 1054 718 1137 quoniam
742 1055 845 1140 igitur
866 1055 902 1118 in
924 1054 1092 1137 superficie

30 1205 35 1213 ·
83 1160 220 1245 cylindri
243 1162 307 1225 duo
330 1166 452 1245 puncta
475 1165 605 1245 sumpta
629 1166 705 1225 sunt
726 1165 762 1245 F,
783 1166 814 1226 E
834 1183 901 1225 non
922 1161 958 1224 in
981 1160 1094 1225 eodem

83 1267 183 1331 latere
217 1267 354 1352 cylindri
386 1267 496 1352 posita
527 1264 627 1354 (latus
661 1267 747 1331 enim
779 1267 879 1332 talem
910 1267 1029 1331 lineam
1058 1267 1094 1330 in

85 1373 211 1437 duobus
238 1373 369 1457 punctis
396 1395 463 1437 non
490 1370 606 1460 secat),
634 1378 723 1444 recta
750 1377 935 1457 punctos,
963 1379 995 1438 Ε
1019 1395 1094 1437 con·
1163 1402 1165 1407 ·

82 1479 220 1564 iungens
234 1479 269 1542 in
284 1478 452 1562 superficie
467 1478 604 1562 cylindri
619 1483 680 1563 est3
701 1480 786 1562 quod
801 1479 1093 1544 demonstrauimus

81 1586 154 1651 fieri
180 1608 247 1650 non
273 1607 369 1668 posse
395 1584 499 1669 [prop.
519 1584 624 1668 VIII]¹
669 1585 779 1670 iaque
807 1585 893 1649 linea
916 1588 980 1649 ΓΕ
1006 1590 1095 1650 recta

83 1714 151 1756 non
173 1697 236 1775 est3
260 1714 338 1778 ergo
361 1693 468 1778 figura
491 1695 592 1756 ΓΕΔ
614 1691 781 1756 rectilinea
803 1714 869 1756 non
892 1696 949 1756 est.

149 1799 216 1862 iam
253 1798 552 1881 demonstrandum,
586 1820 627 1862 ne
664 1797 820 1863 circulum
856 1798 986 1882 quidem
1023 1820 1093 1862 eam

83 1925 162 1969 esse.

151 2010 304 2095 quoniam
334 2010 420 2074 enim
447 2010 580 2094 planum
608 2009 760 2074 sectionis
785 2013 884 2074 ΓΕΔ
911 2009 1008 2093 plano
1037 2008 1095 2072 cir-

83 2116 149 2182 culi
172 2121 205 2180 A
231 2117 420 2200 parallelum
447 2138 513 2180 non
542 2121 605 2200 est,
635 2117 793 2200 producta
824 2115 922 2199 plana
947 2115 1033 2178 inter
1061 2137 1094 2178 se

84 2223 251 2288 secabunt.
288 2228 407 2307 secent,
430 2223 537 2306 sitque
559 2223 739 2286 communis
759 2243 871 2285 eorum
890 2221 991 2285 sectio
1012 2225 1094 2303 ZH,

86 2333 119 2393 et
151 2351 209 2414 per
241 2336 273 2394 A
305 2334 452 2394 centrum
485 2330 524 2393 ad
556 2332 628 2392 ΖΗ
654 2327 927 2412 perpendicularis
961 2328 1096 2392 ducatur
1161 2334 1164 2340 '

86 2439 207 2518 ΘΛΗ,
248 2458 305 2520 per
343 2440 410 2500 ΘΑ
451 2439 560 2500 autem
597 2456 752 2517 axemque
789 2433 921 2518 planum
958 2434 1095 2498 ducatur

82 2542 262 2607 sectionem
281 2542 423 2606 efficiens
442 2541 477 2605 in
496 2542 640 2626 cylindro
659 2540 998 2626 parallelogrammum
1017 2543 1096 2626 ΘΚ,

82 2647 119 2710 in
143 2651 242 2712 ΓΕΔ
266 2652 374 2712 autem
398 2649 541 2713 sectione
564 2653 686 2712 rectam
708 2651 786 2731 ΓΔ,
810 2651 843 2711 et
865 2651 955 2712 recta
974 2651 1038 2711 ΓΛ
1060 2647 1095 2710 in

84 2757 117 2817 A
134 2755 170 2817 in
189 2755 269 2818 duas
288 2759 397 2838 partes
419 2755 569 2838 aequales
593 2759 682 2819 secta
704 2760 811 2818 rectae
832 2758 903 2818 ZH
922 2753 1094 2837 parallelae

83 2859 245 2924 ducantur
275 2859 333 2945 per
360 2865 392 2925 A
423 2866 512 2925 recta
539 2865 662 2943 EAM,
695 2884 753 2947 per
780 2866 812 2924 A
839 2864 948 2924 autem
976 2859 1095 2938 NA&

82 2966 194 3050 itaque
212 2971 301 3049 ME,
320 2971 358 3031 N
361 2967 392 3040 Ξ
411 2966 497 3031 inter
520 2990 553 3031 se
576 2967 749 3051 parallelae
769 2971 845 3031 sunt
864 2966 970 3051 [Eucl.
983 2965 1040 3050 XI,
1054 2965 1098 3049 9].

82 3094 142 3156 per
157 3077 237 3137 EM
249 3073 351 3159 igitur
368 3073 504 3158 planum
518 3073 588 3137 basi
604 3073 740 3157 cylindri
753 3073 946 3158 parallelum
960 3073 1096 3136 ducatur

80 3178 117 3241 in
141 3179 286 3262 cylindro
311 3180 488 3244 sectionem
512 3179 654 3244 efficiens
675 3184 836 3258 οΕΠΜ;
858 3179 969 3263 itaque
993 3177 1106 3268 sectio·

85 3288 192 3349 OEH
211 3285 350 3350 circulus
374 3290 433 3371 est,
456 3285 547 3351 cuius
571 3286 746 3350 diametrus
769 3290 819 3351 est
838 3283 1030 3368 011[pr0p.
1049 3282 1105 3367 V]

82 3390 119 3453 in
141 3393 172 3453 A
199 3390 236 3453 in
263 3391 343 3455 duas
370 3396 479 3475 partes
508 3391 657 3474 aequales
686 3396 781 3455 secta.
828 3390 981 3475 quoniam
1009 3389 1095 3453 enim

80 3495 117 3561 in
144 3497 317 3583 triangulis
344 3497 503 3564 similibus
528 3503 559 3562 A
566 3501 643 3583 OF,
673 3495 779 3564 ΛΠΔ
807 3501 860 3562 est
884 3499 954 3560 ΓΛ
968 3526 1013 3546 --
1034 3498 1127 3570 ΛΔη
