2430 3854
123 183 185 248 178
433 182 821 236 Πτοιτκνοντοιτυε.

122 327 142 412 ἡ
162 333 190 392 Β
197 333 229 391 A
251 327 334 412 πρὸς
356 328 460 410 ἄλλην
482 325 568 409 τινοῖ,
591 323 688 409 ἐχέτω
712 321 749 390 δὲ
771 325 854 410 πρὸς
877 326 938 409 τὴν
956 327 1038 407 ΑΗ,
1062 324 1134 406 ἥτις

124 433 320 520 ἐνηρμόσθω
347 433 412 498 ὑπὸ
439 435 501 518 τὴν
526 431 592 497 ὑπὸ
619 436 730 496 ΑΖΗ
752 435 887 514 γωνίαν.
932 429 953 513 ἡ
977 435 1045 494 BA
1070 431 1134 515 ἄρα

123 542 206 627 πρὸς
227 544 301 605 AH
323 538 480 606 ἐλάττονα
503 541 603 621 λόγον
626 541 691 622 ἔχει
713 539 795 625 ἥπερ
819 536 840 620 ἡ
864 541 929 601 AB
952 539 1036 623 πρὸς
1054 540 1134 601 ΑΓ·

121 650 239 732 μείζων
262 648 326 734 ἄρα
348 645 369 729 ἡ
394 649 464 710 HA
487 654 545 730 τῆς
566 648 637 709 ΑΓ
654 643 710 709 κοιῖ
732 643 752 728 ἡ
776 649 845 709 ΗΖ
868 653 926 728 τῆς
950 646 1018 708 ΖΓ.
1068 641 1135 708 ἐπεὶ

88 751 199 839 σοῦν,
226 754 271 830 ὡς
297 754 334 819 τὸ
363 751 426 818 ἀπὸ
454 760 512 836 τῆς
538 756 572 815 Δ
597 752 681 836 πρὸς
712 751 750 817 τὸ
777 750 840 816 ἀπὸ
868 760 926 834 τῆς
953 755 997 833 Ε,
1030 750 1137 827 οὕτως

122 863 159 928 τὸ
183 861 246 927 ἀπὸ
270 869 327 943 τῆς
350 865 417 924 ΒΑ
438 859 522 944 πρὸς
544 858 581 923 τὸ
605 857 668 923 ἀπὸ
692 867 750 942 τῆς
772 862 854 941 ΑΗ,
876 861 987 942 μεῖζον
1014 859 1135 942 ἄρατὸ

123 968 186 1033 ἴττὸ
206 972 272 1031 ΒΑ
294 973 354 1030 τοῦ
378 963 441 1030 ἀπὸ
460 968 543 1048 ΑΗ,
566 961 715 1029 τουτέστι
737 964 778 1028 τὰ
801 963 865 1029 ἀπὸ
886 969 959 1047 ΒΖ,
980 969 1046 1028 ΖΑ
1069 974 1136 1028 τῶν

124 1073 187 1139 ἀπὸ
206 1079 239 1138 Α
245 1078 283 1156 Ζ,
303 1076 380 1136 ΖΗ.
420 1071 535 1136 κοινὸν
559 1070 745 1156 ἀφῃρήσθω
768 1072 807 1137 τὸ
830 1070 894 1136 ἀπὸ
914 1076 946 1134 A
953 1075 993 1134 Z·
1018 1073 1137 1136 λοιπὸν

80 1181 84 1185 ’
123 1181 246 1266 ἄρατὸ
271 1178 334 1244 ἀπὸ
355 1183 419 1242 ΒΖ
441 1185 501 1242 τοῦ
530 1176 593 1243 ἀπὸ
618 1181 691 1241 ΖΗ
713 1180 836 1262 μεῖζον,
865 1177 920 1242 κοιῖ
942 1178 963 1262 ἡ
987 1182 1053 1241 ΒΖ
1079 1185 1137 1261 τῆς

71 1299 105 1348 10
125 1291 201 1351 ZH.
247 1279 290 1368 ἦν
313 1280 350 1349 δὲ
372 1282 426 1349 καὶ
449 1282 469 1366 ἡ
494 1287 555 1348 ΓΖ
577 1292 636 1367 τῆς
659 1288 732 1348 ΖΗ
750 1282 906 1350 ἐλάττων·
934 1284 1044 1369 ἡᾶροι
1069 1287 1138 1348 ΖΗ

123 1401 180 1475 τῆς
203 1387 264 1477 μὲν
288 1393 355 1455 ΖΓ
376 1392 494 1474 μείζων
518 1389 601 1474 ἐστί,
628 1399 686 1475 τῆς
709 1387 745 1455 δὲ
769 1395 830 1455 ΖΒ
859 1389 1011 1456 ἐλάττων.
1041 1390 1136 1476 ἐνηρ-

123 1501 240 1582 μόσθω
264 1500 380 1563 τοίνυν
402 1505 448 1584 τῷ
471 1497 580 1584 κύκλῳ
603 1507 643 1583 τῇ
669 1501 740 1562 ΖΗ
763 1502 818 1580 ἴση
841 1497 861 1581 ἡ
882 1502 959 1581 ΖΘ,
986 1495 1043 1562 καὶ
1066 1495 1137 1561 ἐπε-

124 1604 250 1689 ζεύχθω
274 1603 294 1688 ἡ
313 1608 346 1667 A
353 1607 389 1668 Θ.
435 1601 504 1668 ἐπεὶ
527 1599 589 1669 οὖν
612 1601 632 1686 ἡ
655 1607 716 1668 ΘΖ
739 1613 778 1690 τῇ
802 1608 874 1668 ΖΗ
893 1610 957 1688 ἴση,
980 1606 1076 1689 κοινὴ
1100 1601 1138 1668 δὲ

123 1710 144 1794 ἡ
170 1714 234 1775 ΖΑ
256 1707 312 1775 καὶ
333 1710 415 1796 πρὸς
438 1709 544 1796 ὀρθὰς
568 1707 704 1797 ἑκατέρᾳ
725 1709 851 1793 αὐτῶν,
874 1708 930 1774 καὶ
952 1710 1049 1794 βάσις
1072 1712 1137 1796 ἄρα

72 1816 145 1901 15η
171 1822 237 1882 ΘΑ
258 1825 297 1902 τῇ
321 1820 399 1880 ΑΗ
417 1820 480 1899 ἴση.
509 1814 587 1900 ,ἐπεὶ
610 1811 682 1900 οὖν,
705 1817 749 1892 ὡς
772 1816 844 1900 BA
866 1818 950 1902 πρὸς
967 1822 1006 1901 E,
1031 1817 1138 1893 οὕτως

124 1922 235 2007 MA
258 1924 341 2008 πρὸς
362 1926 445 2006 ΑΗ,
468 1920 638 1987 τουτέστιν
660 1921 681 2006 ἡ
705 1928 771 1987 BA
793 1925 876 2009 πρὸς
898 1928 981 2007 ΑΘ,
1004 1925 1025 2008 ἡ
1048 1921 1137 1989 &A

86 2023 88 2026 ⁵
125 2031 207 2116 πρὸς
238 2034 270 2094 Β
300 2028 337 2094 ἑν
368 2037 413 2116 τῷ
447 2027 584 2094 δοθέντι
613 2031 700 2117 λόγῳ
729 2028 811 2114 ἐστί,
842 2028 898 2095 καὶ
925 2030 946 2114 ἡ
974 2036 1042 2095 BA
1073 2033 1137 2116 ἄρα

125 2137 208 2222 πρὸς
235 2139 303 2201 ΑΘ
335 2135 371 2200 ἐν
401 2144 447 2223 τῷ
481 2133 617 2200 δοθέντι
645 2138 731 2224 λόγῳ
765 2135 863 2202 ἐστίν.
918 2136 938 2220 ἡ
973 2142 1042 2202 ΑΘ
1073 2140 1137 2224 ἄρα

126 2245 271 2328 διῆκται,
297 2243 380 2329 πρὸς
407 2241 450 2325 ἣν
472 2241 493 2326 ἡ
516 2246 583 2306 BA
610 2245 711 2324 λόγον
734 2244 881 2326 ἔχειτὸν
905 2243 1137 2328 ἑτιτοιχθέντιι·

74 2363 108 2412 20
127 2350 206 2436 ὅπερ
230 2350 296 2415 ἔδει
318 2357 462 2433 ποιῆσαι.

170 2609 222 2660 ,2.
241 2603 341 2675 ΑΖΗ]
359 2620 391 2672 p,
410 2606 495 2656 ΑΗΖ
512 2601 538 2657 V
557 2604 587 2657 et
605 2618 673 2659 corr.
689 2608 788 2658 exAZ
806 2623 842 2660 m.
863 2611 878 2659 1
898 2621 921 2660 ο.
994 2611 1018 2660 3.
1038 2607 1055 2676 ἡ
1075 2612 1125 2660 ΑΒ

127 2691 179 2730 om.
203 2693 230 2745 p.
306 2680 332 2729 4.
356 2674 423 2746 HA]
445 2691 479 2743 p,
503 2677 564 2727 ΗΓ
582 2673 636 2729 Vc.
713 2676 781 2802 HZ}
803 2694 835 2746 p,
860 2680 921 2731 HF
940 2677 992 2732 Vc.
1044 2609 1137 2803 ΖΓ]

129 2749 180 2800 ΓΖ
207 2763 234 2815 p.
330 2751 355 2799 6.
378 2747 436 2798 ΑΗ
476 2748 546 2812 ΑΗ,
573 2746 667 2814 μεῖζον
691 2741 722 2800 B}
749 2766 765 2800 τ
804 2747 861 2803 ἀπὸ
883 2755 933 2818 της
955 2754 981 2802 Δ
1007 2768 1057 2804 του
1081 2750 1122 2802 ἀτι

126 2824 175 2886 τῆς
194 2819 219 2871 Ε
236 2833 264 2885 p.
336 2744 478 2940 ἅραὲῖἴὲα
497 2816 550 2870 καί
564 2834 591 2886 p.
672 2821 695 2871 V.
714 2818 785 2890 ΑΗ]
801 2823 858 2873 ΒΗ
872 2837 899 2888 p.
968 2819 1025 2874 ἀπό
1041 2821 1136 2891 stem]
1177 2877 1180 2880 ,

127 2888 184 2943 ἀπὸ
202 2895 258 2943 τῶν
275 2903 302 2956 p.
461 2883 499 2941 τιό
513 2888 587 2958 (pr.)]
605 2886 662 2943 ἀπὸ
680 2896 736 2944 τῶν
754 2907 781 2959 p.
873 2896 897 2945 9.
921 2892 1027 2962 μεῖζον]
1047 2891 1137 2959 μεῖζόν

128 2959 185 3014 ἐστι
202 2976 230 3028 p.
322 2956 404 3026 ἴση
448 2957 493 3030 r.)]
518 2974 603 3027 supra
621 2975 672 3014 ser.
690 2977 727 3014 m.
747 2966 800 3015 1ο,
891 2959 949 3032 ἴση]
970 2960 1014 3033 ἴση
1035 2961 1095 3016 ἐστί
1109 2981 1134 3031 p.

164 3035 206 3085 15.
228 3027 273 3098 ἴση
305 3025 350 3098 ἴση
370 3025 490 3152 &amp
572 3033 613 3085 17.
634 3027 743 3085 ἴστῖ-
762 3037 804 3088 18.
823 3029 906 3106 λόγῳ]
926 3049 978 3087 om.
999 3050 1021 3087 ο.
1097 3039 1136 3088 18.

128 3100 266 3172 Αθῖοἴῖ.)
297 3117 372 3169 vop,
391 3116 481 3170 supp.
500 3117 537 3156 m.
556 3116 609 3156 rec.
624 3100 658 3156 V.
688 3160 690 3164 .
731 3101 799 3174 ἄρα]
816 3102 967 3174 &poc—V,
987 3105 1085 3172 †add.
1100 3122 1135 3158 m.

128 3243 195 3294 τους
220 3243 276 3294 mg.
295 3189 350 3294 „A
364 3228 382 3291 †
401 3221 441 3277 sic
459 3222 490 3277 in
508 3225 679 3294 apographo.
705 3225 777 3281 forte
795 3227 928 3296 melius†
946 3225 1088 3284 δέδεικται
1103 3230 1139 3290 ὡς

128 3297 198 3365 πρὸς
215 3296 267 3366 τὴν
286 3300 335 3349 BA
353 3298 419 3348 -“.
484 3299 525 3349 19.
549 3297 671 3369 διῆκται]
690 3314 765 3368 vop,
785 3300 846 3368 ἴιη-
865 3299 954 3369 suppl.
974 3319 1011 3354 m.
1030 3317 1084 3356 rec.
1103 3300 1136 3354 V.

163 3365 246 3439 πρός]
264 3383 339 3436 vop,
363 3364 425 3436 -ρός
443 3364 533 3434 suppl.
552 3384 589 3420 m.
608 3383 662 3423 rec.
681 3368 715 3424 V.
787 3367 835 3441 ἦν]
853 3388 886 3440 p,
910 3387 963 3426 om.
982 3388 1011 3440 ο,
1036 3372 1055 3442 ἡ
1073 3390 1092 3425 v
1110 3373 1138 3426 et

120 3463 213 3532 suppl.
232 3481 270 3518 m.
289 3479 345 3520 reo.
366 3463 397 3521 V.
464 3461 566 3538 ἡΒΑ]
583 3482 611 3536 p,
631 3469 680 3521 BA
697 3467 755 3536 Vv,
772 3456 829 3594 η’ἑῖοι
845 3485 868 3524 ο.
937 3466 1137 3540 ἐπιταχθέντα]

91 3549 178 3618 νου,
202 3554 267 3589 -τα-
282 3536 377 3609 suppl.
392 3555 432 3594 m.
448 3553 504 3595 rec.
521 3537 554 3596 V.
630 3544 677 3596 20.
695 3536 766 3608 Βτιεο
800 3541 846 3596 δυ
861 3541 993 3608 ποιὴουιχ
1005 3556 1101 3607 xmp.
