2430 3854
378 155 428 206 nn
446 154 624 208 sncrronn
643 155 822 209 ornrnnrn
896 209 897 214 ,
1063 156 1106 220 83

93 295 218 381 ellipsis
269 298 342 362 coni
392 298 433 362 ad
478 298 671 381 quadratum
717 297 866 362 diametri
913 301 1104 386 conjugatae

93 402 364 488 [Apollon.l,133
378 426 469 489 prop.
484 402 607 487 XVII];
626 426 724 487 quare
739 404 847 488 etiam,
861 409 898 468 ut
913 406 1106 489 quadratum

93 510 244 574 diametri
268 510 391 596 ellipsis
415 509 551 594 cylindri
574 511 615 574 ad
638 511 832 594 quadratum
855 511 1004 576 diametri
1028 536 1104 578 con-

91 618 239 703 iugatae‚
277 616 326 680 ita
367 617 561 700 quadratum
603 615 751 681 diametri
793 618 916 702 ellipsis
954 619 1027 683 coni
1064 621 1104 684 ad

94 723 289 807 quadratum
326 722 475 787 diametri
512 722 712 808 coniugatae.
771 723 880 808 itaque
917 725 1028 809 etiam,
1069 731 1107 790 ut

92 829 271 894 diametrus
297 829 420 914 ellipsis
445 829 583 912 cylindri
607 830 647 893 ad
670 829 864 895 diametrum
888 831 1105 917 coniugatam,

91 937 142 1001 ita
164 936 340 1000 diametrus
364 935 487 1020 ellipsis
512 935 585 1000 coni
608 936 648 1000 ad
672 936 864 1001 diametrum
887 938 1103 1024 coniugatam.

93 1048 127 1108 et
165 1043 284 1107 alterae
321 1042 470 1107 diametri
506 1042 546 1105 ad
578 1041 753 1106 diametros
786 1045 934 1126 aequales
967 1045 1103 1130 angulos

93 1149 254 1228 efficiunt3
286 1153 423 1232 utraque
455 1149 541 1212 enim
572 1148 670 1213 rectis
704 1154 767 1213 ΖΟ
798 1154 832 1214 et
864 1154 940 1215 ΛΠ
967 1151 1007 1216 ad
1034 1156 1109 1216 BH

90 1255 412 1341 perpendicularibus
434 1255 591 1340 parallela
614 1260 663 1319 est
687 1255 791 1340 [prop.
810 1253 857 1320 IX
881 1257 984 1341 extr.].
1026 1280 1104 1343 ergo

92 1363 219 1447 ellipsis
252 1362 325 1427 coni
358 1361 464 1446 ellipsi
501 1361 638 1445 cylindri
671 1362 786 1426 similis
814 1367 864 1427 est
891 1363 967 1448 [def.
991 1365 1041 1449 8],
1072 1369 1105 1429 et

93 1471 136 1534 ab
175 1470 288 1534 eodem
325 1469 423 1553 plano
461 1468 576 1533 effecta
613 1473 677 1552 est,
718 1473 750 1533 et
787 1490 886 1533 conus
922 1470 958 1534 in
994 1471 1104 1536 eadem

93 1576 167 1641 basi
195 1579 402 1641 constructus
430 1579 481 1638 est
509 1597 546 1639 ac
575 1575 738 1657 cylindrus
761 1580 794 1639 et
817 1576 876 1640 sub
901 1578 1011 1643 eadem
1034 1577 1106 1643 alti-

90 1681 220 1762 tudine;
243 1705 325 1767 quae
348 1680 516 1767 proposita
539 1685 639 1745 erant.

531 1910 663 1975 XXVII.

160 2036 247 2101 Fieri
275 2041 399 2122 potest,
425 2041 462 2100 ut
488 2035 583 2100 datus
607 2036 770 2119 cylindrus
794 2056 934 2099 conusue
958 2035 1104 2101 scalenus

89 2145 131 2208 ab
156 2145 258 2208 altera
276 2148 368 2227 parte
389 2143 424 2206 in
441 2143 606 2206 infinitum
624 2142 750 2205 duobus
768 2141 874 2224 planis
894 2146 1019 2205 secetur
1037 2164 1103 2206 non

90 2250 270 2338 parallelis,
293 2249 414 2314 similes
438 2252 546 2313 autem
570 2246 699 2333 ellipses
723 2245 949 2311 efficientibus.

159 2358 203 2421 sit
251 2356 393 2441 primum
443 2354 538 2418 datus
589 2353 753 2437 cylindrus
800 2352 961 2439 scalenus,
1011 2354 1101 2420 cuius

88 2448 430 2550 parallelogrammum
448 2483 505 2545 per
524 2483 617 2525 axem
633 2459 779 2545 positum
798 2459 841 2522 sit
855 2463 923 2522 AB
943 2459 983 2523 ad
996 2460 1102 2525 basim

90 2571 228 2656 cylindri
250 2568 529 2654 perpendiculare,
556 2571 821 2651 supponaturque
845 2565 983 2652 angulus
1007 2567 1047 2631 ad
1069 2573 1102 2631 A

89 2677 219 2762 positus
243 2681 368 2760 acutus,
391 2680 424 2739 et
446 2697 504 2759 per
523 2677 555 2738 Γ
574 2675 614 2738 ad
635 2674 720 2737 latus
740 2678 810 2737 ΑΛ
827 2672 1101 2757 perpendicularis

89 2785 229 2848 ducatur
257 2786 335 2861 ΓΔ;
363 2785 429 2846 ΓΔ
458 2781 562 2866 igitur
590 2779 725 2844 minima
753 2784 803 2844 est
831 2779 989 2866 omnium,
1021 2803 1102 2865 quae

87 2892 178 2954 inter
198 2888 370 2973 parallelas
389 2892 472 2970 ΑΔ,
493 2890 553 2950 ΓΒ
574 2887 700 2951 cadunt.
738 2889 907 2950 sumantur
925 2887 966 2950 ad
983 2891 1103 2952 utram-

90 3018 155 3081 que
195 3000 321 3080 partem
357 2993 469 3079 puncti
505 2998 538 3056 Δ
574 2996 680 3057 rectae
717 2991 866 3075 aequales
902 2997 984 3076 EA,
1020 2998 1102 3075 ΔΖ,

88 3302 114 3351 8.
131 3291 283 3364 διαμέτρου
293 3295 370 3419 (paq)
380 3312 408 3362 p,
423 3310 476 3346 om.
487 3293 540 3348 Vc.
597 3297 638 3346 11.
653 3291 671 3360 ἡ
687 3288 846 3432 dictunque}
860 3306 907 3358 po,
924 3305 991 3343 corr.
1002 3304 1035 3341 ex
1049 3290 1101 3358 τὴν

89 3365 242 3436 διάμετρον
260 3371 326 3420 m.1
397 3363 543 3434 διάμετρος
557 3383 582 3419 v.
647 3368 687 3418 13.
707 3362 835 3430 δεύτεραι
860 3379 887 3430 p,
907 3360 1032 3428 δεύτεροι
1045 3360 1100 3416 Vc.

127 3443 170 3492 14.
189 3438 266 3508 ταῖς]
285 3455 316 3506 p,
340 3456 390 3498 τας
408 3436 460 3492 Vc.
551 3441 592 3490 20.
612 3434 667 3505 κζ’]
687 3433 730 3488 κε’
750 3450 805 3502 mg,
824 3449 860 3485 m.
880 3446 932 3484 rec.
952 3430 985 3485 V.
1059 3438 1107 3485 uu.

88 3507 194 3580 ὀρθάς]
214 3505 318 3577 dodoci?
336 3526 363 3576 p.
931 3590 970 3644 ῳ
1123 3518 1156 3623 ⁴
