2430 3854
131 159 175 224 94
402 160 490 210 ΠΕΡΙ
507 158 722 212 mmor
740 157 876 210 τοωΗτ.

131 303 252 391 μέρους
274 303 399 388 ὑμοίων
422 304 483 367 δύο
503 301 679 380 ἐλλείψεων
697 303 770 385 ήτοι
788 309 845 384 τής
864 305 939 365 AN
952 299 973 383 ή
992 308 1049 384 τής
1068 305 1147 365 AM

130 412 214 497 πρὸς
236 412 272 476 τὸ
296 410 359 475 ἀπὸ
383 418 440 494 τής
463 407 618 491 δευτέρας
641 411 803 490 συζυγοῦς
826 406 1015 493 διαμέτρου,
1038 407 1083 482 ὡς
1107 404 1144 471 δὲ

130 518 167 582 τὸ
190 516 255 581 ὑπὸ
278 527 346 580 τῶν
370 521 409 580 Π
410 520 449 601 Σ,
472 521 551 597 ΣΑ,
574 512 723 579 τουτέστι
746 515 783 578 τὸ
802 513 866 580 ὑπὸ
885 525 952 578 τών
971 516 1046 597 ΓΣ,
1066 518 1144 595 ΣΒ,

129 625 212 710 πρὸς
235 624 272 688 τὸ
296 622 359 688 ἀπὸ
383 631 440 706 τῆς
459 626 537 705 ΣΑ,
561 621 666 698 οὑτως
684 622 720 685 τὸ
740 621 803 685 ἀπὸ
822 629 879 703 τῆς
897 619 1053 706 δευτέρας
1072 621 1144 684 δια-

96 728 251 816 σμέτρου
288 741 355 794 τῶν
384 728 448 793 ἀπὸ
481 740 547 793 τῶν
580 725 813 811 ἀντικειμένων
844 737 955 813 μερῶν
990 725 1145 810 ήγμένων

130 835 307 914 ἐλλείψεων
333 836 416 922 πρὸς
443 836 479 899 τὸ
508 834 572 899 ἀπὸ
599 842 657 918 τής
679 838 841 916 συζυγοὺς
864 831 1051 919 διαμέτρου.
1098 835 1144 910 ώς

129 943 194 1029 ἄρα
216 953 274 1026 τής
297 941 408 1025 ἑτέρας
431 944 586 1023 συζυγίας
609 941 629 1025 ή
653 939 827 1026 διάμετρος
848 941 931 1023 πρὸς
951 940 1012 1022 τήν
1031 940 1142 1005 δευτέ-

130 1073 193 1135 ραν
222 1049 412 1135 διάμετρον,
440 1048 545 1124 οὑτως
567 1055 625 1130 τής
648 1044 759 1133 ἑτέρας
780 1049 936 1128 συζυγίας
958 1046 978 1129 ή
1002 1048 1142 1133 δευτέρα

128 1155 303 1242 διώμετρος
324 1155 408 1241 πρὸς
430 1155 491 1238 τήν
514 1154 699 1239 διάμετρον.

76 1308 109 1358 10
196 1295 263 1362 Καὶ
286 1296 401 1381 γέγονε
424 1297 573 1382 φανερὸν
596 1295 631 1360 ἐκ
654 1297 796 1379 τούτων,
824 1296 874 1360 ὅτι
897 1293 933 1359 ἐν
956 1293 1056 1360 παντὶ
1079 1294 1141 1380 μὲν

127 1404 294 1491 κυλίνδρῳ
322 1401 378 1468 καὶ
404 1404 500 1490 κώνῳ
529 1405 744 1467 συνίστανται
768 1403 830 1466 δύο
858 1405 1012 1484 συζυγίαι
1038 1403 1140 1468 ε’λλεί-

126 1520 217 1588 ψεων
249 1509 374 1594 δμοίωυ
405 1507 465 1595 μὲν
497 1507 666 1592 ἀλλήλαις,
697 1508 980 1583 ἀντιπεπονὺυίας
1013 1506 1049 1572 δέ
1081 1511 1141 1586 τὰς

127 1615 324 1703 διαμέτρους
347 1615 508 1699 ἐχουσῶν,
535 1613 591 1680 καὶ
613 1616 664 1680 ὅτι
686 1617 775 1701 παρὰ
797 1617 856 1691 τοῖς
878 1614 1037 1702 τέσσαρας
1060 1619 1139 1682 ταύ-

125 1745 184 1799 τας
211 1724 293 1807 ἄλλή
322 1723 418 1807 ὁμοία
442 1722 481 1786 ού
506 1725 698 1786 συνίσταται
720 1723 807 1805 πλήν
829 1732 896 1787 τῶν
918 1725 1140 1808 παραλλήλων

73 1839 107 1888 15
127 1829 254 1906 αὑταῖς·
278 1827 330 1894 ἀεὶ
352 1830 415 1915 γδιρ
439 1830 477 1893 αὑ
496 1828 701 1915 παρύλλήλοι
723 1825 821 1912 τομαὶ
843 1827 959 1913 δμοίας
981 1839 1139 1896 ποιοῦσιν

126 1935 299 2019 ἐλλείψεις,
322 1935 381 2001 ἐδιν
403 1946 535 2000 ποιῶσι·
559 1932 614 1999 καὶ
638 1935 688 1999 ὅτι
711 1931 764 1998 ἐπὶ
786 1931 847 2018 μὲν
869 1944 929 1999 τοῦ
952 1938 1137 2021 κυλίνδρου

124 2042 144 2125 ή
169 2044 225 2107 διὰ
247 2051 305 2127 τής
323 2045 395 2107 ΓΗ
413 2041 525 2125 ἀγωγή
548 2049 607 2105 τοῦ
632 2040 788 2106 ἐπιπέδου
811 2041 992 2106 ὑπεναντία
1013 2041 1052 2106 τέ
1067 2043 1138 2108 ἐστι

123 2147 180 2214 καὶ
206 2151 330 2214 κύκλον
356 2161 446 2213 ποιεῖ
470 2151 530 2233 τήν
557 2151 675 2231 τομήν,
704 2144 757 2212 έπὶ
781 2145 817 2211 δέ
840 2157 900 2212 τοῦ
922 2149 1049 2232 κώνου,
1078 2148 1137 2214 ε’διν

125 2257 181 2320 διδι
208 2265 268 2320 τοῦ
295 2261 327 2320 A
354 2264 414 2320 τοὺ
437 2256 561 2320 κύκλου
584 2254 769 2339 ἐφάπτηταί
788 2277 839 2330 τις
864 2255 909 2329 ώς
931 2254 951 2336 ή
975 2259 1055 2338 ΑΧ,
1081 2256 1137 2319 διὰ

70 2372 105 2420 20
123 2363 161 2427 τὸ
189 2357 274 2426 εἶναι
302 2363 338 2427 τὸ
367 2362 430 2426 ἀπὸ
458 2371 516 2446 τής
540 2365 611 2424 AX
628 2370 673 2448 τῳ
697 2360 762 2424 ὑπὸ
786 2370 853 2424 τών
875 2365 952 2444 ΒΧ,
976 2365 1044 2426 ΧΓ
1062 2368 1137 2427 ίσον

123 2467 144 2551 ή
168 2469 224 2532 δεδι
242 2479 310 2533 τῶν
327 2477 366 2553 τή
385 2472 452 2532 ΑΧ
464 2469 684 2554 παραλλήλων
703 2466 845 2531 εὐθειῶν
864 2465 900 2531 ἐν
918 2477 963 2555 τῷ
983 2471 1136 2558 τριγώνῳ

124 2572 236 2656 ἀγωγή
259 2586 325 2639 τῶν
349 2572 513 2639 ε’πιπέδων
526 2575 665 2655 Ιτιοιήσει
687 2574 842 2648 κύκλους·
865 2572 1046 2639 ὑπεναντία
1071 2576 1135 2659 γάρ

124 2678 192 2743 ἐστι
219 2676 275 2742 καὶ
303 2679 401 2762 αὐτή,
429 2680 474 2755 ώς
500 2689 545 2767 τῳ
568 2678 763 2765 προσέχοντι
786 2682 911 2762 γίνεται
934 2682 1134 2766 καταφανές·

115 2779 179 2849 Ικαλ
202 2784 314 2870 ὅτιτῇ
338 2786 476 2871 δοθείσῃ
500 2785 642 2863 ἐλλείψει
662 2785 698 2849 ἐν
720 2786 888 2874 κυλίνδρῳ
907 2792 1060 2877 σκαλήνῳ
1080 2789 1135 2854 καὶ

71 2904 104 2954 25
123 2891 218 2978 κώνῳ
241 2902 329 2974 τρεῖς
352 2891 466 2975 ὁμοίας
489 2893 589 2967 ἄλλας
612 2894 702 2956 ἔστιν
725 2891 845 2978 εὑρεῖν,
867 2895 947 2975 μίαν
970 2891 1031 2977 μέν
1050 2896 1134 2982 αὐτή

70 3003 72 3007 ’
123 3006 161 3083 τῇ
181 2998 320 3084 δοθείσή
339 3000 491 3082 σύζυγον,
511 2999 572 3063 δύο
591 2995 628 3062 δὲ
647 2995 778 3074 ἑαυταῖς
796 2995 856 3083 μέν
875 2999 1046 3085 συζύγους,
1063 3015 1135 3078 ταῖς

123 3101 159 3169 δέ
178 3111 308 3181 λοιπαῖς
322 3105 437 3190 ὁμοίας
453 3106 536 3170 κατδι
554 3103 836 3188 ἀντιπεπύνὺήσιν
854 3116 921 3169 τών
935 3107 1135 3195 διαμέτρων·

128 3363 130 3369 ”
194 3375 217 3423 1.
237 3371 316 3441 AM]
336 3373 373 3423 M
387 3385 466 3422 euan.
485 3387 512 3438 p,
595 3375 618 3422 λ.
639 3368 675 3431 ὡς
694 3365 742 3439 δέ]
762 3367 805 3421 bis
825 3385 847 3422 ο.
928 3374 951 3423 6.
972 3370 1133 3448 ἐλλείψεων]

117 3457 170 3491 om,
193 3456 214 3493 ε,
288 3447 311 3494 7,
331 3437 477 3512 δευτέραν]
495 3458 522 3509 p,
542 3456 594 3495 om.
608 3440 662 3494 Vc.
732 3445 773 3493 11.
794 3439 886 3512 κώνῳ]
905 3441 986 3515 κώνῳ
1006 3448 1133 3519 οκαληνῷ

96 3504 214 3572 Ηκίίθγ,
293 3517 335 3566 17.
357 3511 471 3586 ώγωγή]
490 3510 603 3584 scripsi,
622 3512 731 3584 ἀγωγῆς
749 3510 826 3580 ch.
901 3517 941 3565 19.
961 3523 1011 3569 τοὺ
1029 3517 1132 3572 κύκλου
