2430 3854
371 153 421 203 Du
441 152 617 204 SECTIONE
636 153 815 204 CYLINDRI.
1076 151 1096 214 9

157 296 184 360 8.
218 300 385 379 praeterea
416 296 496 361 haee
527 317 653 380 quoque
681 295 826 360 definitio
853 296 1099 382 praemittenda,

90 401 238 465 similes
262 402 392 486 ellipses
411 425 490 487 esse,
514 424 651 486 quarum
668 402 838 487 utriusque
857 402 1006 467 diametri
1026 426 1100 468 eon-

86 507 219 593 iugatae
233 508 319 572 inter
333 530 366 572 se
382 509 515 573 eandem
529 509 689 573 rationem
702 508 844 573 habeant
856 513 889 573 et
898 510 939 573 ad
948 510 1097 594 aequales
1140 593 1146 602 ι

88 614 226 700 angulos
249 614 334 679 inter
358 637 391 680 se
415 620 533 681 secent.

581 775 606 840 Ι.

158 896 192 962 si
224 899 305 962 duae
336 904 442 964 rectae
474 900 560 964 inter
587 922 621 965 se
649 906 819 987 tangentes
849 900 973 965 duabus
1000 900 1098 965 rectis

88 1004 175 1068 inter
211 1027 245 1068 se
281 1006 506 1092 tangentibus,
542 1029 678 1090 quarum
715 1011 850 1090 utraque
887 1006 1016 1089 utrique
1049 1010 1099 1070 est

91 1110 248 1195 aequalis,
273 1112 447 1196 parallelae
471 1119 560 1199 sunt,
582 1117 689 1178 rectae
712 1113 878 1206 terminos·
893 1136 1004 1178 earum
1027 1134 1099 1178 eon-

91 1219 264 1305 iungentes
288 1222 320 1282 et
343 1219 432 1304 ipsae
456 1221 607 1305 aequales
631 1225 708 1285 sunt
730 1224 763 1284 et
785 1220 967 1304 parallelae.

159 1945 225 2011 sue
261 1947 342 2010 duae
379 1949 485 2010 rectae
521 1944 606 2008 inter
643 1967 676 2009 se
714 1951 886 2032 tangentes
923 1950 1004 2028 AB,
1037 1948 1105 2010 ΒΓ

91 2052 215 2117 duabus
235 2051 332 2115 rectis
350 2051 436 2115 inter
456 2073 489 2115 se
508 2051 717 2136 tangentibus
737 2056 819 2135 ΔΕ,
837 2056 900 2116 ΕΖ
918 2051 1100 2136 parallelae,

91 2162 124 2222 et
147 2158 191 2222 sit
209 2162 275 2221 AB
291 2189 332 2210 =
348 2162 429 2240 ΔΕ,
451 2159 519 2220 ΒΓ
532 2188 566 2208 =
586 2161 663 2240 EZ,
687 2158 907 2241 ducanturque
925 2161 1005 2241 ΑΓ,
1024 2163 1099 2222 ΔΖ.

91 2263 172 2348 dieo,
195 2268 299 2328 rectas
324 2267 403 2347 ΑΓ,
426 2268 459 2326 Δ
466 2267 492 2326 Ζ
516 2263 666 2347 aequales
690 2268 722 2328 et
744 2264 915 2347 parallelas
940 2285 1019 2328 esse.

159 2371 318 2435 ducantur
337 2374 414 2453 BE,
434 2372 509 2452 FZ,
528 2374 606 2433 ΑΔ.
648 2369 801 2453 quoniam
819 2373 885 2434 AB
908 2373 1014 2434 reatae
1033 2374 1102 2434 ΔΕ

91 2476 235 2560 aequalis
269 2480 319 2540 est
351 2480 383 2540 et
414 2476 583 2562 parallela‚
619 2476 681 2540 erit
713 2476 811 2540 etiarn
844 2476 949 2560 [Euel.
980 2475 1008 2559 I,
1042 2477 1099 2560 33]

91 2587 158 2647 ΒΕ
179 2586 287 2647 rectae
305 2588 376 2646 ΑΛ
400 2582 541 2666 aequalis
563 2586 596 2646 et
613 2582 777 2667 parallela.
814 2586 847 2646 et
866 2583 1019 2667 quoniam
1037 2585 1105 2646 ΒΓ

91 2694 198 2754 reatae
226 2693 290 2752 EZ
318 2689 461 2772 aequalis
489 2695 539 2753 est
567 2693 599 2754 et
627 2689 798 2775 parallela,
825 2690 888 2754 erit
914 2690 1014 2754 etiam
1036 2693 1102 2753 ΒΕ

91 2800 199 2860 rectae
225 2798 285 2859 ΓΖ
313 2796 456 2879 aequalis
485 2801 518 2860 et
544 2796 708 2880 parallela.
754 2819 851 2882 quare
876 2796 980 2881 [Euel.
999 2795 1023 2881 Ι,
1042 2795 1099 2879 30]

93 2907 163 2966 ΑΔ
185 2907 292 2967 rectae
318 2906 378 2967 ΓΖ
402 2902 545 2988 aequalis
569 2907 619 2967 est
642 2907 675 2967 et
696 2903 858 2988 parallela.
901 2925 978 2988 ergo
1002 2903 1101 2968 etiam

92 3009 198 3093 [Euel.
220 3008 250 3087 I,
274 3008 331 3092 33]
359 3010 439 3090 ΑΓ,
465 3012 533 3071 ΛΖ
562 3009 710 3091 aequales
739 3013 772 3072 et
798 3009 985 3093 parallelae3
1015 3007 1101 3090 quod

91 3119 162 3180 erat
185 3114 477 3179 demonstrandum.

574 3255 617 3320 ΙΙ.

160 3379 194 3446 Si
222 3381 385 3465 cylindrus
412 3381 510 3466 plane
537 3403 595 3466 per
623 3403 715 3444 axem
739 3385 879 3463 secatur,
908 3379 1008 3445 seatio
1032 3403 1103 3462 qar-

90 3487 371 3574 allelogramrnum
393 3488 463 3553 erit.
1087 3556 1134 3600 Ι
