2430 3854
123 157 164 221 68
392 157 479 209 ΠΕΡΙ
497 157 712 208 ΚΤΛΙΝΔΡΟΤ
731 157 867 210 ΤΟΜΗΣ.

190 300 349 365 ἐκκείσθω
387 299 512 378 έξωθεν
552 300 667 365 εὐθεῖά
709 323 758 377 τις
793 299 813 383 η
846 305 913 365 ΑΒ
945 299 1000 365 καὶ
1033 303 1139 384 τυχὸν

123 419 258 491 σημεῖον
282 405 332 471 ἐπ’
358 407 459 490 αὐτῆς
481 408 518 471 τὸ
541 413 589 489 A,
612 404 667 471 καὶ
690 405 854 491 γενέσθω,
876 407 921 482 ὡς
942 403 1002 490 μὲν
1026 407 1046 490 ἡ
1071 412 1139 471 ΑΒ

122 515 206 599 πρὸς
223 515 284 598 τὴν
300 518 376 598 ΒΛ,
395 513 501 589 οὕτως
519 512 539 595 ἡ
557 517 624 579 AB
642 515 725 599 πρὸς
743 515 804 598 τὴν
821 517 894 597 ΒΓ,
913 514 957 589 ὡς
975 510 1012 576 δὲ
1031 514 1051 597 ἡ
1071 519 1140 578 ΑΒ

123 622 205 706 πρὸς
232 621 293 704 τὴν
319 623 396 703 ΒΓ,
424 619 530 695 οὕτως
556 619 576 702 ἡ
600 626 670 685 AA
692 621 775 706 πρὸς
797 621 858 704 τὴν
880 625 963 704 ΕΔ,
990 618 1046 684 καὶ
1074 619 1139 685 άπὸ

89 723 184 811 ὁμέν
211 736 279 791 τῶν
302 731 346 811 Ε,
364 732 412 810 A,
432 729 465 790 Γ
483 730 628 810 σημείων
650 736 689 812 τῇ
712 731 778 791 ΑΒ
802 727 918 813 εὐθείᾳ
940 727 1024 812 πρὸς
1047 728 1141 791 οίαν-

123 835 245 917 δήποτε
267 836 393 915 γωνίαν
416 831 648 917 ἐφεστάτωσαν
669 833 798 898 εὐθεῖαι
816 833 1021 919 παράλληλοι
1040 833 1140 916 άλλη-

124 945 196 1016 λαις
219 941 256 1004 αι’
271 944 349 1023 ΕΖ,
367 945 454 1024 AH,
475 943 551 1022 ΓΘ,
575 941 631 1004 διὰ
654 937 691 1003 δέ
713 949 774 1004 τοῦ
793 943 826 1004 Γ
839 941 934 1024 ἤχθω
952 963 1003 1015 τις
1022 940 1140 1005 εὐθεῖα

123 1044 286 1130 τέμνουσα
309 1047 368 1122 τὰς
385 1051 463 1129 ΕΖ,
481 1050 559 1111 AH
572 1045 592 1128 ἡ
612 1049 691 1129 ΓΚ,
709 1044 765 1110 καὶ
783 1046 1011 1129 ἐπιζευχθεῖσα
1029 1046 1049 1130 ἡ
1070 1050 1143 1112 ΑΚ

124 1150 332 1237 συμπιπτέτω
355 1162 395 1238 τῇ
413 1156 491 1217 AH
504 1154 586 1217 κατὰ
609 1153 646 1217 τὸ
665 1157 710 1236 Η,
733 1150 788 1217 καὶ
812 1153 995 1236 ἐπεζεύχθω
1019 1153 1039 1236 η
1059 1159 1139 1218 ΗΒ.

71 1271 105 1318 10
190 1260 318 1324 τούτων
345 1257 452 1335 οὕτως
482 1261 551 1345 ίθίηι
573 1258 910 1324 κατασκευασθέντων
933 1261 1015 1324 έστω
1040 1260 1057 1325 ὁ
1084 1263 1140 1325 θο-

124 1364 198 1441 θεὶς
220 1365 408 1450 κύλινδρος,
432 1361 472 1430 οὗ
495 1367 532 1430 τὸ
556 1365 612 1430 διὰ
629 1374 690 1429 τοῦ
708 1363 825 1442 άξονος
843 1369 1140 1453 παραλληλόγραμ-

125 1475 189 1556 μόν
212 1471 281 1535 ε’στι
304 1472 341 1535 τὸ
366 1475 450 1555 ΛΜ,
473 1481 531 1554 της
554 1469 591 1535 δὲ
614 1472 770 1554 δοθείσης
793 1471 829 1536 έν
852 1472 941 1557 αὐτῷ
966 1471 1141 1550 ἐλλείψεως

125 1578 299 1663 διάμετρος
322 1580 404 1642 έστω
427 1577 447 1660 ἡ
467 1577 544 1661 NE,
567 1576 622 1642 καί
644 1581 818 1662 τετμήσθω
838 1579 857 1661 ἡ
877 1579 944 1652 AE
959 1580 1056 1662 βάσις
1079 1589 1140 1644 τοῦ

124 1684 467 1770 παραλληλογράμμου
497 1684 618 1768 ὁμοίως
645 1693 684 1769 τῇ
712 1688 789 1768 ΕΓ,
817 1683 862 1748 ἵν’
892 1680 928 1771 ᾖ,
956 1685 1000 1762 ὡς
1029 1685 1047 1768 ἡ
1072 1691 1140 1750 EA

72 1802 105 1850 15
123 1792 206 1877 πρὸς
232 1792 293 1874 την
319 1794 400 1874 ΛΓ,
428 1791 533 1866 οὕτως
560 1790 580 1874 ἡ
609 1795 675 1855 ΛΟ
701 1792 785 1876 πρὸς
807 1793 869 1875 τὴν
894 1791 963 1864 OE.
1015 1795 1063 1856 έτι
1087 1817 1139 1875 γε-

123 1896 250 1981 νέσθω,
282 1897 326 1973 ὡς
357 1894 417 1981 μὲν
449 1897 469 1980 ἡ
497 1901 564 1961 ΕΓ
586 1899 669 1983 πρὸς
698 1899 759 1981 τὴν
787 1901 864 1982 ΓΒ,
892 1898 996 1974 οὕτως
1024 1899 1044 1982 ἡ
1075 1899 1141 1971 AE

123 2006 206 2092 πρὸς
232 2006 294 2088 την
321 2002 401 2086 EH,
430 2004 474 2079 ὡς
502 2001 538 2067 δὲ
565 2002 585 2086 ἡ
614 2007 678 2068 ΓΕ
698 2004 781 2089 πρὸς
803 2006 865 2088 την
887 2009 964 2088 ΕΑ,
988 2004 1137 2088 οὕτωςη

125 2111 189 2185 EA
214 2112 297 2197 πρὸς
323 2111 385 2193 την
408 2114 483 2193 ΛΡ,
511 2108 566 2174 καὶ
593 2110 649 2174 διά
674 2119 734 2175 τοῦ
760 2115 788 2174 0
810 2112 905 2196 ἤχθω
928 2112 1139 2195 παράλληλος

123 2230 195 2295 ταῖς
216 2227 277 2282 τοῦ
299 2216 642 2301 παραλληλογράμμου
664 2223 823 2303 πλευραῖς
845 2217 873 2300 ἡ
891 2222 966 2300 ΟΣ,
988 2216 1044 2282 καὶ
1070 2217 1137 2283 ἐπι-

72 2335 106 2384 20
126 2329 296 2410 ζευχθείσα
318 2324 338 2407 ἡ
363 2328 432 2389 ΡΝ
451 2322 660 2407 συμπιπτέτω
684 2335 723 2409 τῇ
748 2328 817 2388 ΟΣ
841 2325 923 2388 κατὰ
950 2325 987 2388 τὸ
1012 2329 1058 2407 Σ,
1083 2322 1137 2389 καὶ

126 2431 375 2514 ἐπεζεύχθωσαν
397 2432 435 2495 αί
455 2436 540 2515 ΣΠ,
564 2431 638 2505 ΣΞ.

192 2534 262 2602 ἐπεὶ
293 2532 355 2602 οὖν
381 2536 402 2619 ἡ
431 2542 500 2601 ΡΠ
523 2538 639 2602 εὐθεῖα
666 2537 787 2621 ὁμοίως
813 2547 853 2622 τῇ
880 2543 913 2602 Α
919 2542 946 2602 Β
974 2537 1138 2622 τέτμηται,

125 2647 215 2708 ἔστιν
238 2645 302 2728 άρα
324 2646 390 2726 καί,
413 2643 458 2719 ὡς
480 2641 540 2727 μέν
563 2644 583 2727 ἡ
607 2649 676 2708 ΡΠ
694 2646 777 2729 πρὸς
799 2646 861 2728 την
880 2649 962 2729 ΠΟ,
988 2644 1096 2722 οὕτως
1118 2644 1136 2728 ἡ

127 2753 199 2813 ΟΠ
217 2749 300 2833 πρὸς
322 2750 384 2832 την
403 2749 479 2833 HE,
502 2750 547 2826 ὡς
570 2747 606 2814 δέ
629 2751 649 2833 η
669 2755 739 2814 ΡΠ
751 2751 834 2834 πρὸς
852 2752 914 2834 την
932 2750 1009 2834 HE,
1033 2751 1138 2827 οὕτως

73 2867 106 2916 25
126 2856 145 2939 ἡ
169 2859 230 2919 ΡΟ
252 2855 335 2940 πρὸς
358 2856 419 2939 τὴν
439 2861 517 2939 ΟΛ,
541 2854 711 2921 τουτέστιν
733 2856 753 2939 η
773 2861 839 2920 ΡΣ
854 2857 960 2933 οὕτως
976 2859 1060 2943 πρὸς
1079 2861 1138 2943 τὴν

126 2966 212 3027 ΣΝ·
235 2959 444 3046 παράλληλος
467 2964 531 3047 άρα
553 2972 592 3048 τῇ
611 2962 682 3036 NE
701 2962 721 3046 ἡ
745 2968 824 3028 ΣΠ.
867 2962 925 3028 ἐὰν
948 2964 989 3048 δὴ
1012 2967 1137 3048 νούσω-

196 3233 220 3280 2.
241 3224 303 3298 μέν]
323 3243 376 3280 om.
395 3244 421 3294 p.
495 3225 717 3295 3.ἡΔΒ-4.
737 3225 835 3298 οὕτως]
855 3243 908 3280 om.
924 3227 1066 3298 Ve,v'3've
1086 3231 1135 3283 AB

125 3297 194 3365 πρὸς
210 3302 264 3351 ΒΓ
274 3295 323 3352 καί
340 3315 373 3365 p3
392 3314 460 3350 corr.
476 3295 579 3351 Comm.
634 3304 660 3352 4.
679 3297 730 3366 τήν
740 3297 822 3368 μελίη]
838 3314 891 3351 om.
900 3315 927 3365 p.
984 3304 1008 3354 7.
1030 3301 1096 3372 ΓΘ]
1110 3318 1135 3369 p,

127 3373 176 3422 ΓΔ
194 3368 260 3423 Vc(
339 3373 379 3422 14.
403 3368 438 3439 ἡ]
458 3385 542 3437 supra
561 3386 611 3424 scr.
630 3388 657 3438 p.
750 3374 790 3423 15.
810 3365 948 3440 γενέσθω]
967 3367 1092 3438 γινέσθω
1109 3389 1135 3440 p.

32 3434 39 3463 ¹
160 3439 1134 3510 15.PB]p‚PBuelPZ‚Pecorr.m.1‚V,—mg.;FZv,

107 3509 188 3565 PE?
209 3527 230 3562 ο.
314 3516 356 3566 20.
379 3512 423 3585 Σ]
442 3529 458 3567 e
477 3529 547 3570 corr.
566 3531 603 3569 m.
624 3518 639 3567 1
659 3528 683 3567 ο.
754 3515 799 3565 23.
816 3507 884 3580 κοίη
901 3527 953 3565 om.
972 3528 999 3579 p.
1074 3509 1134 3582 μέν]
