2430 3854
123 176 164 239 76
392 178 481 229 ΠΕΡΙ
499 177 714 230 ΚΤΛΙΝΔΡΟΤ
732 179 867 230 ΤΟΜΗΣ.
888 200 890 205 ·

122 331 189 386 τῶν
212 324 296 404 ΕΗ,
318 326 387 386 ΗΖ
415 319 496 405 μέση
525 321 690 405 ἀνάλογον
715 323 736 406 ἡ
761 326 840 405 ΘΗ,
862 319 918 386 καὶ
939 319 1066 410 κέντρῳ
1090 332 1137 410 τῷ

122 432 171 511 Η,
199 430 394 512 διαστήματι
427 425 463 492 δέ
495 429 568 511 ήτοι
599 432 723 512 μείζονι
750 427 770 512 V)
798 427 948 493 ἐλάττονι
974 437 1035 493 τοῦ
1065 433 1138 493 ΗΘ

121 535 304 621 γεγράφθω
337 534 373 599 ἐν
404 544 450 622 τῷ
477 538 546 599 ΒΓ
574 534 715 622 ἐπιπέδῳ
744 533 936 622 περιφέρεια
963 536 1090 600 κύκλον
1117 535 1138 618 ἡ

123 644 205 725 ΚΛ,
228 639 284 706 καὶ
303 642 359 706 διά
377 651 437 706 τοῦ
458 646 487 705 Θ
504 653 576 718 ταῖς
593 646 751 728 πλευραῖς
768 651 828 707 τοῦ
846 646 915 706 ΒΓ
927 641 1140 728 παράλληλος

87 748 216 831 οήχὺω
244 748 265 831 ἡ
295 753 381 832 ΘΜ,
409 746 464 812 καὶ
492 747 741 832 ἐπεζεύχθωσαν
768 750 805 813 αἱ
826 753 913 832 ΜΒ,
936 753 1024 832 ΜΖ,
1048 752 1139 832 ΜΗ,

122 853 178 918 καὶ
205 863 244 939 τή
268 859 352 918 ΜΗ
369 854 579 941 παράλληλος
605 856 700 939 ήχθω
726 853 889 939 τέμνοντα
903 856 949 920 τὸ
972 860 1139 941 τρίγωνον

121 959 177 1025 καὶ
200 962 237 1025 τὸ
260 963 604 1047 παραλληλόγραμμον
625 961 645 1044 ή
665 960 740 1035 ΝΞ.
777 960 835 1026 ἐὰν
859 961 900 1044 δή
917 962 976 1050 4διά
994 971 1054 1046 τῆς
1073 968 1112 1028 Ν
1113 961 1143 1036 Ξ

123 1067 333 1151 διαγάγωμεν
360 1067 517 1132 ἐπίπεδον
543 1069 625 1132 κατὰ
652 1069 711 1132 τὸν
737 1067 979 1152 ὑποδειχθέντα
1002 1071 1139 1155 τρόπον,

123 1176 213 1238 ἔσται
241 1174 261 1258 ή
289 1175 372 1258 τομή
395 1173 493 1258 ὁμοία
516 1173 552 1239 ἐν
575 1172 730 1262 ἑκατέρῳ,
760 1172 860 1251 δεῖξις
882 1171 919 1237 δὲ
941 1173 961 1256 ή
985 1175 1071 1259 αὑτὴ
1094 1183 1139 1263 τῷ

72 1292 105 1341 10
123 1282 187 1365 πρὸ
216 1283 346 1345 τούτου.
397 1280 448 1344 ὅτι
476 1277 513 1345 δὲ
539 1279 594 1345 καὶ
622 1281 781 1358 ἐλλείψεις
809 1282 846 1345 αί
865 1278 963 1364 τομαὶ
984 1280 1040 1345 καὶ
1065 1279 1139 1365 οὐχὶ

124 1389 251 1471 κύκλοι,
274 1388 390 1470 δῆλον·
414 1389 451 1451 τὸ
475 1389 539 1472 γὰρ
562 1387 626 1452 ἀπὸ
650 1396 707 1471 της
725 1391 807 1451 ΜΗ
821 1388 895 1469 ήτοι
918 1390 1029 1471 μεῖζον
1047 1411 1138 1452 κατε-

124 1493 293 1576 σκευάσθη
321 1491 342 1575 ή
370 1496 506 1558 ἔλαττον
533 1503 593 1558 τοῦ
622 1494 684 1559 ἀπὸ
712 1502 770 1576 της
793 1497 877 1576 ΗΘ,
905 1492 1057 1558 τουτέστι
1080 1502 1139 1558 τοῦ

123 1598 574 1683 mmmm·

602 1758 661 1824 κε’.

71 1895 104 1942 15
179 1881 287 1947 Ἔστω
316 1883 431 1948 εὐθεῖα
459 1884 479 1967 ή
506 1888 572 1948 ΑΒ
596 1880 776 1968 τετμημένη
799 1884 940 1948 κατὰτὸ
966 1887 998 1948 Γ
1015 1882 1073 1948 καὶ
1095 1891 1138 1967 Δ,

123 1990 143 2073 ή
168 1986 204 2053 δὲ
222 1993 294 2054 ΑΓ
307 1998 365 2073 τῆς
382 1993 448 2054 ΔΒ
467 1991 511 2073 μή
535 1993 617 2055 ἔστω
641 1993 767 2074 μείζων.
809 1987 892 2073 λέγω
918 1991 969 2074 δή,
993 1990 1055 2074 ὅτι,
1080 1990 1136 2055 ἐὰν

123 2105 168 2183 τῳ
192 2095 255 2161 ἀπὸ
279 2104 337 2179 τής
356 2099 416 2160 ΓΒ
435 2098 630 2183 τετραγώνῳ
651 2102 725 2161 ἴσον
743 2100 866 2181 χωρίον
884 2097 974 2182 παρά
991 2098 1055 2180 τήν
1073 2104 1106 2161 Α
1112 2099 1143 2161 Γ

122 2203 301 2288 παραβάλω
325 2202 535 2289 ὑπερβάλλον
557 2204 638 2267 είδει
660 2204 866 2290 τετραγώνῳ,
888 2202 909 2285 ή
932 2204 1060 2288 πλευρά
1078 2211 1137 2267 τοῦ

122 2308 371 2397 ὑπερβλήματος
397 2312 516 2393 μείζων
543 2305 603 2393 μὲν
631 2312 721 2374 ἔσται
743 2318 801 2392 τής
824 2313 903 2392 ΓΔ,
932 2308 1079 2374 ἐλάττων
1102 2306 1136 2373 δὲ

70 2427 104 2476 20
123 2424 180 2499 τῆς
204 2419 273 2479 ΓΒ.

190 2523 221 2585 εί
242 2522 305 2606 γάρ
329 2523 489 2604 δυνατόν,
511 2521 702 2588 ὑποκείσθω
724 2533 858 2608 πρῶτον
881 2521 901 2605 ἡ
921 2525 986 2586 ΓΔ
1009 2524 1135 2608 πλευρά

123 2623 209 2691 εἶναι
235 2635 295 2690 τοὺ
322 2626 581 2712 ὑπερβλήματος.
627 2626 696 2693 ἐπεὶ
724 2625 786 2694 οὑν
812 2630 849 2693 τὸ
875 2629 964 2714 παρὰ
986 2629 1049 2711 τήν
1073 2635 1105 2694 Α
1111 2631 1142 2693 Γ

123 2735 419 2816 παραβαλλόμενον
432 2733 642 2816 ὑπερβάλλον
655 2745 700 2823 τῳ
715 2735 778 2800 άπὸ
794 2743 851 2818 τής
861 2738 927 2800 ΓΔ
941 2738 1136 2822 τετραγώνῳ

123 2838 245 2902 ταύτόν
269 2836 337 2902 ἐστι
360 2849 405 2927 τῷ
428 2839 494 2903 ὑπὸ
518 2852 585 2905 τών
608 2845 725 2925 ΑΔΓ,
753 2844 821 2906 ἔστι
844 2837 881 2905 δὲ
903 2842 940 2905 τὸ
963 2843 1054 2927 παρὰ
1078 2843 1137 2925 τήν

196 3037 220 3085 1
235 3027 388 3120 ἀνάλογον]
403 3048 478 3100 vop
496 3029 559 3086 .νά-
575 3032 717 3102 suppleuit
730 3052 766 3087 m
776 3049 830 3087 rec.
840 3033 873 3087 V.
929 3032 1136 3123 ὃγεγράῳθω]

121 3103 223 3164 κὺνλος
242 3101 395 3171 γεγράφθω
418 3120 445 3170 p.
533 3106 602 3175 ΒΓ]
627 3121 678 3173 vc,
702 3110 724 3158 Β
749 3120 816 3159 corr
836 3121 870 3157 ex
888 3108 918 3157 H
938 3121 974 3159 m
996 3105 1065 3174 1V‚
1089 3107 1136 3158 δια

122 3183 172 3228 τοὺ
187 3178 283 3242 BFp.
339 3179 363 3227 5.
383 3175 462 3245 ΜΕ]
483 3178 553 3242 ΜΕ,
568 3179 631 3231 ΜΘ
650 3149 732 3244 ch·
726 3192 820 3244 ;.corr
836 3175 940 3230 Comm
997 3181 1022 3230 8
1037 3149 1136 3246 διαγά-

122 3245 225 3316 γωμεν]
244 3242 385 3314 διάγωμεν
404 3252 437 3298 c?
519 3252 560 3300 10
579 3248 691 3336 τοὺτρν]
710 3246 930 3318 τοὺήτοὺτονὺῖ.
1013 3253 1055 3301 14.
1080 3247 1123 3302 κε’

92 3325 95 3330 “
123 3334 175 3371 om.
196 3316 228 3370 V
308 3321 350 3369 15
368 3316 442 3369 Ante
462 3315 528 3370 ἔστω
548 3317 611 3371 add.
631 3317 682 3372 ἐὰν
702 3320 802 3373 εὐθεῖα
820 3317 932 3442 γραμμή
950 3322 1046 3390 τμηθῇ
1065 3336 1136 3374 κατα

122 3389 174 3443 δύο
198 3395 311 3476 σημεῖα,
334 3387 366 3442 τὸ
389 3384 421 3440 δὲ
444 3387 514 3456 πρὸς
536 3393 573 3460 τῷ
598 3388 640 3443 ἑνὶ
663 3387 763 3458 πέρατι
784 3397 833 3458 τῆς
852 3391 921 3443 εὑδε
933 3409 968 3450 ας
985 3397 1081 3459 τμῆμα
1098 3389 1134 3458 μὴ

115 3451 251 3544 μείζον’
232 3479 251 3529 η
270 3465 319 3512 τοῦ
339 3458 409 3526 πρὸς
426 3463 466 3547 τῷ
481 3443 568 3513 λοιπώ
587 3457 687 3528 πέρατι
704 3460 857 3529 τμήματος,
879 3464 917 3532 τῷ
940 3457 971 3514 δὲ
995 3461 1053 3515 ἀπὸ
1073 3479 1135 3516 σνν-

26 3552 37 3583 1.
103 3526 276 3595 αμφντέρον
299 3538 351 3584 τοὺ
375 3549 406 3585 τε
428 3514 517 3602 μέσον
540 3531 683 3603 τμήματος
709 3531 759 3587 ταὶ
779 3540 829 3586 τοο
853 3534 950 3585 λοιποῦ
974 3533 1134 3604 τετραγώνῳ
