2430 3854
357 142 427 201 ⁴ou
446 140 624 192 cremona
643 141 823 194 omnum
1066 140 1107 202 71

96 306 196 370 quare
229 284 257 348 si
286 305 402 349 conum
428 283 630 367 finxerimus,
664 283 754 348 cuius
782 283 870 348 basis
899 285 943 348 sit
970 285 1109 350 circulus

92 393 215 457 circum
248 391 442 455 diametrum
470 389 542 474 ΡΞ,
574 389 758 475 triangulus
791 393 901 453 autem
929 411 986 473 per
1014 414 1108 456 axem

93 498 222 583 positus
260 496 371 580 ΣΡΞ,
407 496 442 560 in
479 517 560 561 cono
598 517 725 579 quoque
763 495 865 560 sectio
903 496 978 581 erit,
1014 498 1106 564 cuius

92 606 272 669 diametrus
305 607 355 668 est
387 607 426 668 N
427 602 461 676 Ξ.
515 602 583 666 iam
616 603 727 667 eodem
759 602 869 687 modo,
906 623 970 685 quo
1003 608 1108 690 antea,

92 711 405 796 demonstrabimuS,
431 709 531 775 etiam
558 710 694 774 alteram
722 709 916 773 diametrum
939 714 971 773 et
995 731 1107 775 omnes

91 823 198 883 rectas
223 817 369 882 ordinate
392 817 505 881 ductas
525 815 654 880 easdem
673 837 752 880 esse.
789 836 867 900 ergo
887 814 986 879 etiam
1006 837 1107 880 conus

95 925 208 990 eadem
245 923 351 1007 ellipsi
388 922 456 987 dati
493 922 631 1006 cylindri
668 925 776 986 sectus
813 925 876 1001 est3
913 921 1000 1006 quod
1035 922 1108 987 fieri

95 1031 275 1115 oportebat.

541 1114 660 1180 XXHI.

163 1242 252 1310 (lonc
276 1243 353 1308 dato
377 1242 560 1327 cylindrum
581 1241 728 1306 inuenire
751 1246 784 1306 et
803 1245 977 1325 utrumque
997 1263 1106 1306 secare
1143 1264 1144 1268 ¹

91 1371 158 1414 uno
190 1350 301 1435 plano,
336 1352 422 1434 quod
452 1372 510 1434 per
542 1348 719 1415 sectionem
751 1349 786 1412 in
815 1352 954 1432 utroque
983 1348 1106 1413 similes

92 1456 223 1541 ellipses
247 1456 376 1522 efficiat.

85 1617 88 1620 ,
160 1564 255 1627 dutus
287 1564 331 1628 sit
364 1586 478 1649 conus,
511 1564 602 1628 cuius
630 1562 718 1628 basis
743 1562 788 1626 sit
816 1562 956 1627 circulus
985 1562 1107 1627 circum

92 1676 125 1734 A
162 1674 322 1753 centrum,
358 1674 472 1734 uertex
508 1674 618 1734 autem
651 1672 810 1753 punctum
841 1672 885 1751 Β,
922 1667 1106 1753 triangulus

802 1779 911 1838 autem
932 1797 991 1859 per
1014 1797 1108 1840 axem

800 1881 928 1966 positus
949 1884 1048 1945 ΓΒΛ
1066 1883 1108 1946 ad

800 1987 907 2052 basim
935 1987 1008 2050 coni
1037 2009 1108 2072 per-

800 2092 1033 2178 pendicularis,
1074 2099 1107 2158 et

801 2198 842 2262 ad
851 2202 1022 2282 utramque
1034 2223 1108 2284 par-

801 2308 868 2369 tem
887 2304 1108 2389 producantur

801 2414 917 2495 ΑΓΕ,
935 2418 1006 2476 ΑΛ
1013 2417 1050 2496 Ζ,
1073 2418 1107 2477 et

802 2517 842 2582 ad
855 2522 922 2582 AB
936 2523 1108 2602 punctum·

803 2646 864 2708 que
888 2625 957 2689 eius
980 2630 1009 2689 B
1033 2648 1107 2691 con-

802 2948 859 3008 aut
870 2945 976 3009 minor
986 2947 1106 3032 angulo

90 3051 208 3131 ΒΓΔ,
244 3053 470 3132 rectorumque
504 3051 580 3132 ΓΖ,
613 3053 679 3112 ΖΛ
714 3049 821 3114 media
852 3052 1106 3134 proportionalis

88 3159 239 3219 sumatur
259 3158 342 3238 ZH,
365 3160 397 3219 et
420 3155 557 3219 ducatur
574 3159 658 3238 BH,
682 3156 822 3240 quaesiti
841 3160 949 3220 autem
968 3157 1107 3241 cylindri

88 3261 178 3325 basis
213 3261 256 3325 sit
289 3266 344 3326 aut
371 3268 405 3326 A
437 3261 575 3326 circulus
609 3265 666 3326 aut
695 3261 777 3326 alius
805 3262 841 3325 in
868 3263 981 3328 eodem
1007 3264 1106 3348 plano
1177 3270 1181 3275 ’

86 3367 218 3452 positus
243 3389 280 3432 ao
305 3367 443 3433 circulus
464 3375 497 3433 Α
502 3397 510 3448 ;
533 3367 619 3432 nihil
639 3368 725 3431 enim
743 3368 900 3433 intererit.
942 3367 986 3432 sit
1002 3369 1107 3454 igitur

83 3474 229 3557 ¹circulus
255 3474 377 3540 circum
399 3479 466 3539 ΕΘ
488 3475 697 3561 diametrum,
724 3478 759 3539 et
778 3495 840 3559 uer
861 3478 995 3560 cuncta
1013 3479 1070 3553 E„
1090 3479 1124 3534 to
