<?xml version="1.0" encoding="UTF-8"?>
<!DOCTYPE html PUBLIC "-//W3C//DTD XHTML 1.0 Transitional//EN"
    "http://www.w3.org/TR/xhtml1/DTD/xhtml1-transitional.dtd">
<html xmlns="http://www.w3.org/1999/xhtml" xml:lang="en" lang="en">
 <head>
  <title>
</title>
<meta http-equiv="Content-Type" content="text/html;charset=utf-8" />
  <meta name='ocr-system' content='tesseract 3.04.00' />
  <meta name='ocr-capabilities' content='ocr_page ocr_carea ocr_par ocr_line ocrx_word'/>
</head>
<body>
  <div class='ocr_page' id='page_1' title='image "./sereniantinoens01heibgoog_0243.png"; bbox 0 0 2430 3854; ppageno 0'>
   <div class='ocr_carea' id='block_1_1' title="bbox 126 181 827 244">
    <p class='ocr_par' dir='ltr' id='par_1_1' title="bbox 126 181 827 244">
     <span class='ocr_line' id='line_1_1' title="bbox 126 181 827 244; baseline 0.001 -10"><span class='ocrx_word' id='word_1_1' title='bbox 126 181 190 244; x_wconf 79' lang='grc'><strong><em>218</em></strong></span> <span class='ocrx_word' id='word_1_2' title='bbox 440 183 528 234; x_wconf 83' lang='grc' dir='ltr'>ΠΕΡΙ</span> <span class='ocrx_word' id='word_1_3' title='bbox 544 181 673 236; x_wconf 76' lang='grc' dir='ltr'>ΚΩΝΟΤ</span> <span class='ocrx_word' id='word_1_4' title='bbox 691 182 827 235; x_wconf 85' lang='grc' dir='ltr'><strong>ΤΟΜΗΣ.</strong></span> 
     </span>
    </p>
   </div>
   <div class='ocr_carea' id='block_1_2' title="bbox 91 321 1139 1158">
    <p class='ocr_par' dir='ltr' id='par_1_2' title="bbox 192 321 1139 411">
     <span class='ocr_line' id='line_1_2' title="bbox 192 321 1139 411; baseline -0.001 -21"><span class='ocrx_word' id='word_1_5' title='bbox 192 328 274 390; x_wconf 79' lang='grc' dir='ltr'><strong><em>ἔστω</em></strong></span> <span class='ocrx_word' id='word_1_6' title='bbox 301 337 435 411; x_wconf 79' lang='grc' dir='ltr'><strong><em>πρῶτον</em></strong></span> <span class='ocrx_word' id='word_1_7' title='bbox 461 325 613 392; x_wconf 81' lang='grc' dir='ltr'><strong><em>ἐλάττων.</em></strong></span> <span class='ocrx_word' id='word_1_8' title='bbox 663 324 732 391; x_wconf 82' lang='grc' dir='ltr'><strong><em>ἐντεῖ</em></strong></span> <span class='ocrx_word' id='word_1_9' title='bbox 760 321 822 392; x_wconf 84' lang='grc' dir='ltr'><strong><em>οὖν</em></strong></span> <span class='ocrx_word' id='word_1_10' title='bbox 849 325 870 409; x_wconf 78' lang='grc' dir='ltr'><em>ἡ</em></span> <span class='ocrx_word' id='word_1_11' title='bbox 896 330 928 389; x_wconf 87' lang='grc' dir='ltr'><em>Α</em></span> <span class='ocrx_word' id='word_1_12' title='bbox 934 329 964 389; x_wconf 99' lang='grc' dir='ltr'>Β</span> <span class='ocrx_word' id='word_1_13' title='bbox 993 323 1139 390; x_wconf 77' lang='grc' dir='ltr'><strong><em>ἐλάσσων</em></strong></span> 
     </span>
    </p>

    <p class='ocr_par' dir='ltr' id='par_1_3' title="bbox 91 430 1139 1158">
     <span class='ocr_line' id='line_1_3' title="bbox 127 430 1138 519; baseline -0.001 -22"><span class='ocrx_word' id='word_1_14' title='bbox 127 431 196 497; x_wconf 82' lang='grc' dir='ltr'><strong><em>ἐστὶ</em></strong></span> <span class='ocrx_word' id='word_1_15' title='bbox 223 441 281 516; x_wconf 78' lang='grc' dir='ltr'><strong><em>τῆς</em></strong></span> <span class='ocrx_word' id='word_1_16' title='bbox 311 431 345 497; x_wconf 83' lang='grc' dir='ltr'><strong><em>ἐκ</em></strong></span> <span class='ocrx_word' id='word_1_17' title='bbox 375 441 435 498; x_wconf 88' lang='grc' dir='ltr'><strong><em>τοῦ</em></strong></span> <span class='ocrx_word' id='word_1_18' title='bbox 461 431 616 519; x_wconf 78' lang='grc' dir='ltr'><strong><em>κέντρου,</em></strong></span> <span class='ocrx_word' id='word_1_19' title='bbox 644 431 842 519; x_wconf 76' lang='grc' dir='ltr'><strong><em>ἐνηρμόσθω</em></strong></span> <span class='ocrx_word' id='word_1_20' title='bbox 871 437 925 515; x_wconf 94' lang='grc' dir='ltr'><strong><em>ἴση</em></strong></span> <span class='ocrx_word' id='word_1_21' title='bbox 955 441 995 517; x_wconf 75' lang='grc' dir='ltr'><strong><em>τῇ</em></strong></span> <span class='ocrx_word' id='word_1_22' title='bbox 1025 430 1061 496; x_wconf 82' lang='grc' dir='ltr'><strong><em>ἐκ</em></strong></span> <span class='ocrx_word' id='word_1_23' title='bbox 1083 440 1138 496; x_wconf 84' lang='grc' dir='ltr'><strong><em>τοῦ</em></strong></span> 
     </span>
     <span class='ocr_line' id='line_1_4' title="bbox 127 537 1139 626; baseline -0.001 -22"><span class='ocrx_word' id='word_1_24' title='bbox 127 538 266 626; x_wconf 81' lang='grc' dir='ltr'><strong><em>κέντρου</em></strong></span> <span class='ocrx_word' id='word_1_25' title='bbox 290 539 412 623; x_wconf 79' lang='grc' dir='ltr'><strong><em>ἡΑΕ,</em></strong></span> <span class='ocrx_word' id='word_1_26' title='bbox 434 537 490 604; x_wconf 87' lang='grc' dir='ltr'><strong><em>καῖ</em></strong></span> <span class='ocrx_word' id='word_1_27' title='bbox 513 541 569 605; x_wconf 76' lang='grc' dir='ltr'><strong><em>διὰ</em></strong></span> <span class='ocrx_word' id='word_1_28' title='bbox 592 550 660 605; x_wconf 84' lang='grc' dir='ltr'><strong><em>τῶν</em></strong></span> <span class='ocrx_word' id='word_1_29' title='bbox 682 544 712 604; x_wconf 88' lang='grc' dir='ltr'><strong>Β</strong></span> <span class='ocrx_word' id='word_1_30' title='bbox 734 537 790 604; x_wconf 87' lang='grc' dir='ltr'><strong><em>καῖ</em></strong></span> <span class='ocrx_word' id='word_1_31' title='bbox 808 544 840 604; x_wconf 97' lang='grc' dir='ltr'><em>Ε</em></span> <span class='ocrx_word' id='word_1_32' title='bbox 857 543 1004 624; x_wconf 82' lang='grc' dir='ltr'><strong><em>σημείων</em></strong></span> <span class='ocrx_word' id='word_1_33' title='bbox 1023 549 1064 624; x_wconf 75' lang='grc' dir='ltr'><strong><em>τῇ</em></strong></span> <span class='ocrx_word' id='word_1_34' title='bbox 1084 543 1139 604; x_wconf 86' lang='grc' dir='ltr'><strong><em>ΓΔ</em></strong></span> 
     </span>
     <span class='ocr_line' id='line_1_5' title="bbox 125 643 1139 734; baseline -0.001 -23"><span class='ocrx_word' id='word_1_35' title='bbox 125 647 208 733; x_wconf 80' lang='grc' dir='ltr'><strong><em>πρὸς</em></strong></span> <span class='ocrx_word' id='word_1_36' title='bbox 234 645 341 732; x_wconf 84' lang='grc' dir='ltr'><strong><em>ὀρθὰς</em></strong></span> <span class='ocrx_word' id='word_1_37' title='bbox 369 647 528 730; x_wconf 71' lang='grc' dir='ltr'><strong><em>ἤχθωσαν</em></strong></span> <span class='ocrx_word' id='word_1_38' title='bbox 556 645 592 710; x_wconf 79' lang='grc' dir='ltr'><strong><em>ἐν</em></strong></span> <span class='ocrx_word' id='word_1_39' title='bbox 614 654 660 734; x_wconf 76' lang='grc' dir='ltr'><strong><em>τῷ</em></strong></span> <span class='ocrx_word' id='word_1_40' title='bbox 682 647 792 734; x_wconf 81' lang='grc' dir='ltr'><strong><em>κύκλην</em></strong></span> <span class='ocrx_word' id='word_1_41' title='bbox 816 647 853 710; x_wconf 81' lang='grc' dir='ltr'><strong><em>αἴ</em></strong></span> <span class='ocrx_word' id='word_1_42' title='bbox 873 649 955 729; x_wconf 87' lang='grc' dir='ltr'><strong><em>ΕΖ,</em></strong></span> <span class='ocrx_word' id='word_1_43' title='bbox 979 643 1139 729; x_wconf 87' lang='grc' dir='ltr'>ΒΗ,καῖ</span> 
     </span>
     <span class='ocr_line' id='line_1_6' title="bbox 91 750 1139 838; baseline 0.005 -26"><span class='ocrx_word' id='word_1_44' title='bbox 91 763 166 838; x_wconf 74' lang='grc' dir='ltr'><strong><em>στῇ</em></strong></span> <span class='ocrx_word' id='word_1_45' title='bbox 194 751 259 817; x_wconf 81' lang='grc' dir='ltr'><strong><em>ὑπὸ</em></strong></span> <span class='ocrx_word' id='word_1_46' title='bbox 288 756 388 817; x_wconf 88' lang='grc' dir='ltr'><strong><em>ΑΕΒ</em></strong></span> <span class='ocrx_word' id='word_1_47' title='bbox 417 759 472 836; x_wconf 92' lang='grc' dir='ltr'><strong><em>ἴση</em></strong></span> <span class='ocrx_word' id='word_1_48' title='bbox 502 752 689 818; x_wconf 78' lang='grc' dir='ltr'><strong><em>συνεστάτω</em></strong></span> <span class='ocrx_word' id='word_1_49' title='bbox 719 751 740 835; x_wconf 78' lang='grc' dir='ltr'><em>ἡ</em></span> <span class='ocrx_word' id='word_1_50' title='bbox 768 751 834 817; x_wconf 79' lang='grc' dir='ltr'><strong><em>ὑπὸ</em></strong></span> <span class='ocrx_word' id='word_1_51' title='bbox 862 756 925 817; x_wconf 87' lang='grc' dir='ltr'><strong><em>ΕΒ</em></strong></span> <span class='ocrx_word' id='word_1_52' title='bbox 933 757 977 836; x_wconf 94' lang='grc' dir='ltr'><strong><em>Θ,</em></strong></span> <span class='ocrx_word' id='word_1_53' title='bbox 1005 750 1064 817; x_wconf 85' lang='grc' dir='ltr'><strong><em>καῖ</em></strong></span> <span class='ocrx_word' id='word_1_54' title='bbox 1089 752 1139 817; x_wconf 87' lang='grc' dir='ltr'><strong><em>ε’τ-</em></strong></span> 
     </span>
     <span class='ocr_line' id='line_1_7' title="bbox 126 855 1138 945; baseline 0.001 -22"><span class='ocrx_word' id='word_1_55' title='bbox 126 859 269 942; x_wconf 83' lang='grc' dir='ltr'><strong><em>εζεύχθω</em></strong></span> <span class='ocrx_word' id='word_1_56' title='bbox 297 858 318 943; x_wconf 75' lang='grc' dir='ltr'><em>ἡ</em></span> <span class='ocrx_word' id='word_1_57' title='bbox 344 863 415 924; x_wconf 88' lang='grc' dir='ltr'><strong><em>ΘΕ.</em></strong></span> <span class='ocrx_word' id='word_1_58' title='bbox 462 857 530 925; x_wconf 80' lang='grc' dir='ltr'><strong><em>ἐκεῖ</em></strong></span> <span class='ocrx_word' id='word_1_59' title='bbox 558 855 620 925; x_wconf 80' lang='grc' dir='ltr'><strong><em>οὖν</em></strong></span> <span class='ocrx_word' id='word_1_60' title='bbox 643 856 778 945; x_wconf 82' lang='grc' dir='ltr'><strong><em>ἑκατέρα</em></strong></span> <span class='ocrx_word' id='word_1_61' title='bbox 801 869 869 924; x_wconf 80' lang='grc' dir='ltr'><strong><em>τῶν</em></strong></span> <span class='ocrx_word' id='word_1_62' title='bbox 891 864 973 943; x_wconf 86' lang='grc' dir='ltr'><strong><em>ΑΕ,</em></strong></span> <span class='ocrx_word' id='word_1_63' title='bbox 995 863 1066 924; x_wconf 92' lang='grc' dir='ltr'>ΒΘ</span> <span class='ocrx_word' id='word_1_64' title='bbox 1088 865 1138 941; x_wconf 89' lang='grc' dir='ltr'><strong><em>ἴση</em></strong></span> 
     </span>
     <span class='ocr_line' id='line_1_8' title="bbox 126 962 1139 1054; baseline -0.001 -23"><span class='ocrx_word' id='word_1_65' title='bbox 126 964 195 1032; x_wconf 82' lang='grc' dir='ltr'><strong><em>ἐστὶ</em></strong></span> <span class='ocrx_word' id='word_1_66' title='bbox 225 977 264 1054; x_wconf 77' lang='grc' dir='ltr'><strong><em>τῇ</em></strong></span> <span class='ocrx_word' id='word_1_67' title='bbox 294 965 331 1032; x_wconf 83' lang='grc' dir='ltr'><strong><em>ἐκ</em></strong></span> <span class='ocrx_word' id='word_1_68' title='bbox 359 975 419 1031; x_wconf 86' lang='grc' dir='ltr'><strong><em>τοῦ</em></strong></span> <span class='ocrx_word' id='word_1_69' title='bbox 446 963 601 1052; x_wconf 82' lang='grc' dir='ltr'><strong><em>κέντρου,</em></strong></span> <span class='ocrx_word' id='word_1_70' title='bbox 627 967 723 1050; x_wconf 79' lang='grc' dir='ltr'><strong><em>κοινὴ</em></strong></span> <span class='ocrx_word' id='word_1_71' title='bbox 751 962 788 1031; x_wconf 72' lang='grc' dir='ltr'><strong><em>δὲ</em></strong></span> <span class='ocrx_word' id='word_1_72' title='bbox 817 964 838 1048; x_wconf 74' lang='grc' dir='ltr'><em>ἡ</em></span> <span class='ocrx_word' id='word_1_73' title='bbox 860 970 942 1049; x_wconf 89' lang='grc' dir='ltr'><strong><em>ΒΕ,</em></strong></span> <span class='ocrx_word' id='word_1_74' title='bbox 971 963 1029 1032; x_wconf 86' lang='grc' dir='ltr'><strong><em>καῖ</em></strong></span> <span class='ocrx_word' id='word_1_75' title='bbox 1051 988 1139 1051; x_wconf 85' lang='grc' dir='ltr'><strong><em>κερν-</em></strong></span> 
     </span>
     <span class='ocr_line' id='line_1_9' title="bbox 127 1070 1139 1158; baseline -0.002 -20"><span class='ocrx_word' id='word_1_76' title='bbox 127 1071 260 1158; x_wconf 82' lang='grc' dir='ltr'><strong><em>έχουσιν</em></strong></span> <span class='ocrx_word' id='word_1_77' title='bbox 288 1079 361 1151; x_wconf 90' lang='grc' dir='ltr'><strong><em>ἴσας</em></strong></span> <span class='ocrx_word' id='word_1_78' title='bbox 387 1075 524 1156; x_wconf 78' lang='grc' dir='ltr'><strong><em>γωνίας,</em></strong></span> <span class='ocrx_word' id='word_1_79' title='bbox 551 1070 608 1137; x_wconf 87' lang='grc' dir='ltr'><strong><em>καῖ</em></strong></span> <span class='ocrx_word' id='word_1_80' title='bbox 633 1073 674 1137; x_wconf 77' lang='grc' dir='ltr'><strong><em>τοὶ</em></strong></span> <span class='ocrx_word' id='word_1_81' title='bbox 702 1073 800 1138; x_wconf 78' lang='grc' dir='ltr'><strong><em>λοιπὰ</em></strong></span> <span class='ocrx_word' id='word_1_82' title='bbox 828 1074 893 1158; x_wconf 79' lang='grc' dir='ltr'><strong><em>ἄρα</em></strong></span> <span class='ocrx_word' id='word_1_83' title='bbox 919 1084 990 1149; x_wconf 82' lang='grc' dir='ltr'><strong><em>τοῖς</em></strong></span> <span class='ocrx_word' id='word_1_84' title='bbox 1012 1077 1139 1148; x_wconf 79' lang='grc' dir='ltr'><em>λοιποῖς</em></span> 
     </span>
    </p>
   </div>
   <div class='ocr_carea' id='block_1_3' title="bbox 73 1177 1138 1907">
    <p class='ocr_par' dir='ltr' id='par_1_4' title="bbox 73 1177 1138 1907">
     <span class='ocr_line' id='line_1_10' title="bbox 129 1177 1138 1265; baseline -0.001 -21"><span class='ocrx_word' id='word_1_85' title='bbox 129 1186 196 1245; x_wconf 90' lang='grc' dir='ltr'><strong><em>ἴσα·</em></strong></span> <span class='ocrx_word' id='word_1_86' title='bbox 221 1181 318 1265; x_wconf 82' lang='grc' dir='ltr'><strong><em>ὅμοια</em></strong></span> <span class='ocrx_word' id='word_1_87' title='bbox 342 1182 405 1265; x_wconf 83' lang='grc' dir='ltr'><strong><em>ίίρα</em></strong></span> <span class='ocrx_word' id='word_1_88' title='bbox 428 1180 468 1244; x_wconf 81' lang='grc' dir='ltr'><strong><em>τὰ</em></strong></span> <span class='ocrx_word' id='word_1_89' title='bbox 490 1181 644 1263; x_wconf 80' lang='grc' dir='ltr'><strong><em>τρίγωνα.</em></strong></span> <span class='ocrx_word' id='word_1_90' title='bbox 682 1179 727 1255; x_wconf 84' lang='grc' dir='ltr'><strong><em>ὡς</em></strong></span> <span class='ocrx_word' id='word_1_91' title='bbox 749 1180 813 1264; x_wconf 86' lang='grc' dir='ltr'><strong><em>ίίρα</em></strong></span> <span class='ocrx_word' id='word_1_92' title='bbox 836 1177 856 1261; x_wconf 78' lang='grc' dir='ltr'><em>ἡ</em></span> <span class='ocrx_word' id='word_1_93' title='bbox 876 1183 943 1242; x_wconf 87' lang='grc' dir='ltr'><strong><em>ΕΑ</em></strong></span> <span class='ocrx_word' id='word_1_94' title='bbox 965 1179 1051 1264; x_wconf 80' lang='grc' dir='ltr'><strong><em>πρὸς</em></strong></span> <span class='ocrx_word' id='word_1_95' title='bbox 1069 1183 1138 1261; x_wconf 87' lang='grc' dir='ltr'>ΑΒ,</span> 
     </span>
     <span class='ocr_line' id='line_1_11' title="bbox 73 1281 1138 1372; baseline -0.002 -20"><span class='ocrx_word' id='word_1_96' title='bbox 73 1295 106 1343; x_wconf 87' lang='grc'><strong><em>10</em></strong></span> <span class='ocrx_word' id='word_1_97' title='bbox 127 1287 232 1363; x_wconf 81' lang='grc' dir='ltr'><strong><em>οὕτως</em></strong></span> <span class='ocrx_word' id='word_1_98' title='bbox 262 1287 283 1371; x_wconf 77' lang='grc' dir='ltr'><em>ἡ</em></span> <span class='ocrx_word' id='word_1_99' title='bbox 311 1291 375 1351; x_wconf 90' lang='grc' dir='ltr'>ΒΘ</span> <span class='ocrx_word' id='word_1_100' title='bbox 401 1287 485 1372; x_wconf 80' lang='grc' dir='ltr'><strong><em>πρὸς</em></strong></span> <span class='ocrx_word' id='word_1_101' title='bbox 514 1289 585 1350; x_wconf 87' lang='grc' dir='ltr'><strong><em>ΘΕ.</em></strong></span> <span class='ocrx_word' id='word_1_102' title='bbox 635 1283 705 1350; x_wconf 83' lang='grc' dir='ltr'><strong><em>ἐκεῖ</em></strong></span> <span class='ocrx_word' id='word_1_103' title='bbox 733 1281 769 1348; x_wconf 75' lang='grc' dir='ltr'><strong><em>δῖ</em></strong></span> <span class='ocrx_word' id='word_1_104' title='bbox 796 1287 915 1370; x_wconf 81' lang='grc' dir='ltr'><strong><em>μείζων</em></strong></span> <span class='ocrx_word' id='word_1_105' title='bbox 942 1284 963 1368; x_wconf 74' lang='grc' dir='ltr'>ἡ</span> <span class='ocrx_word' id='word_1_106' title='bbox 992 1289 1060 1349; x_wconf 89' lang='grc' dir='ltr'><strong><em>ΖΕ</em></strong></span> <span class='ocrx_word' id='word_1_107' title='bbox 1084 1295 1138 1369; x_wconf 78' lang='grc' dir='ltr'><strong><em>τῆς</em></strong></span> 
     </span>
     <span class='ocr_line' id='line_1_12' title="bbox 125 1389 1138 1478; baseline -0.001 -20"><span class='ocrx_word' id='word_1_108' title='bbox 125 1398 204 1476; x_wconf 93' lang='grc' dir='ltr'><strong><em>ΕΘ,</em></strong></span> <span class='ocrx_word' id='word_1_109' title='bbox 233 1399 302 1458; x_wconf 87' lang='grc' dir='ltr'><strong><em>ἴσαι</em></strong></span> <span class='ocrx_word' id='word_1_110' title='bbox 329 1389 366 1456; x_wconf 76' lang='grc' dir='ltr'><strong><em>ιῖἴ</em></strong></span> <span class='ocrx_word' id='word_1_111' title='bbox 393 1394 431 1457; x_wconf 84' lang='grc' dir='ltr'><strong><em>οιί</em></strong></span> <span class='ocrx_word' id='word_1_112' title='bbox 450 1395 533 1476; x_wconf 90' lang='grc' dir='ltr'>ΒΗ,</span> <span class='ocrx_word' id='word_1_113' title='bbox 558 1395 636 1475; x_wconf 91' lang='grc' dir='ltr'><strong><em>ΒΘ,</em></strong></span> <span class='ocrx_word' id='word_1_114' title='bbox 660 1391 680 1475; x_wconf 77' lang='grc' dir='ltr'><em>ἡ</em></span> <span class='ocrx_word' id='word_1_115' title='bbox 703 1392 767 1478; x_wconf 83' lang='grc' dir='ltr'><strong><em>ἄρα</em></strong></span> <span class='ocrx_word' id='word_1_116' title='bbox 790 1394 856 1455; x_wconf 92' lang='grc' dir='ltr'><strong><em>ΒΘ</em></strong></span> <span class='ocrx_word' id='word_1_117' title='bbox 877 1391 961 1475; x_wconf 78' lang='grc' dir='ltr'><strong><em>πρὸς</em></strong></span> <span class='ocrx_word' id='word_1_118' title='bbox 986 1395 1053 1456; x_wconf 85' lang='grc' dir='ltr'><strong><em>ΘΕ</em></strong></span> <span class='ocrx_word' id='word_1_119' title='bbox 1073 1396 1138 1476; x_wconf 94' lang='grc' dir='ltr'><strong><em>μεί-</em></strong></span> 
     </span>
     <span class='ocr_line' id='line_1_13' title="bbox 126 1496 1138 1585; baseline -0.003 -20"><span class='ocrx_word' id='word_1_120' title='bbox 126 1503 203 1578; x_wconf 80' lang='grc' dir='ltr'><strong><em>ζονα</em></strong></span> <span class='ocrx_word' id='word_1_121' title='bbox 231 1502 332 1582; x_wconf 80' lang='grc' dir='ltr'><strong><em>λόγον</em></strong></span> <span class='ocrx_word' id='word_1_122' title='bbox 359 1501 424 1582; x_wconf 84' lang='grc' dir='ltr'><strong><em>ἔχει</em></strong></span> <span class='ocrx_word' id='word_1_123' title='bbox 451 1499 534 1583; x_wconf 70' lang='grc' dir='ltr'><strong><em>ἤπερ</em></strong></span> <span class='ocrx_word' id='word_1_124' title='bbox 561 1498 582 1582; x_wconf 74' lang='grc' dir='ltr'><em>ἡ</em></span> <span class='ocrx_word' id='word_1_125' title='bbox 609 1502 683 1562; x_wconf 90' lang='lat' dir='ltr'><strong><em>BH</em></strong></span> <span class='ocrx_word' id='word_1_126' title='bbox 705 1499 788 1585; x_wconf 82' lang='grc' dir='ltr'><strong><em>πρὸς</em></strong></span> <span class='ocrx_word' id='word_1_127' title='bbox 816 1501 887 1562; x_wconf 87' lang='grc' dir='ltr'><strong><em>ΖΕ.</em></strong></span> <span class='ocrx_word' id='word_1_128' title='bbox 939 1496 1014 1564; x_wconf 83' lang='grc' dir='ltr'><strong><em>ἀλλ’</em></strong></span> <span class='ocrx_word' id='word_1_129' title='bbox 1046 1499 1091 1575; x_wconf 81' lang='grc' dir='ltr'><strong><em>ὡς</em></strong></span> <span class='ocrx_word' id='word_1_130' title='bbox 1120 1499 1138 1582; x_wconf 77' lang='grc' dir='ltr'>ἡ</span> 
     </span>
     <span class='ocr_line' id='line_1_14' title="bbox 125 1604 1138 1692; baseline 0.001 -23"><span class='ocrx_word' id='word_1_131' title='bbox 125 1610 191 1670; x_wconf 91' lang='grc' dir='ltr'>ΒΘ</span> <span class='ocrx_word' id='word_1_132' title='bbox 217 1607 300 1692; x_wconf 80' lang='grc' dir='ltr'><strong><em>πρὸς</em></strong></span> <span class='ocrx_word' id='word_1_133' title='bbox 329 1609 409 1689; x_wconf 90' lang='grc' dir='ltr'><strong><em>ΘΕ,</em></strong></span> <span class='ocrx_word' id='word_1_134' title='bbox 437 1604 542 1681; x_wconf 75' lang='grc' dir='ltr'><strong><em>οὕτως</em></strong></span> <span class='ocrx_word' id='word_1_135' title='bbox 568 1604 589 1688; x_wconf 77' lang='grc' dir='ltr'><em>ἡ</em></span> <span class='ocrx_word' id='word_1_136' title='bbox 616 1609 683 1669; x_wconf 86' lang='grc' dir='ltr'><strong><em>ΕΑ</em></strong></span> <span class='ocrx_word' id='word_1_137' title='bbox 709 1605 793 1689; x_wconf 80' lang='grc' dir='ltr'><strong><em>πρὸς</em></strong></span> <span class='ocrx_word' id='word_1_138' title='bbox 820 1609 900 1669; x_wconf 88' lang='lat' dir='ltr'><strong><em>AB·</em></strong></span> <span class='ocrx_word' id='word_1_139' title='bbox 931 1604 953 1688; x_wconf 80' lang='grc' dir='ltr'><em>ἡ</em></span> <span class='ocrx_word' id='word_1_140' title='bbox 980 1606 1047 1691; x_wconf 81' lang='grc' dir='ltr'><strong><em>ἄρα</em></strong></span> <span class='ocrx_word' id='word_1_141' title='bbox 1073 1611 1138 1670; x_wconf 86' lang='grc' dir='ltr'><strong><em>ΕΑ</em></strong></span> 
     </span>
     <span class='ocr_line' id='line_1_15' title="bbox 124 1711 1137 1796; baseline 0 -20"><span class='ocrx_word' id='word_1_142' title='bbox 124 1713 208 1796; x_wconf 85' lang='grc' dir='ltr'><strong><em>πρὸς</em></strong></span> <span class='ocrx_word' id='word_1_143' title='bbox 230 1717 296 1776; x_wconf 91' lang='grc' dir='ltr'>ΑΒ</span> <span class='ocrx_word' id='word_1_144' title='bbox 324 1712 456 1796; x_wconf 85' lang='grc' dir='ltr'><strong><em>μείζονα</em></strong></span> <span class='ocrx_word' id='word_1_145' title='bbox 483 1715 585 1795; x_wconf 80' lang='grc' dir='ltr'><strong><em>λόγον</em></strong></span> <span class='ocrx_word' id='word_1_146' title='bbox 612 1714 677 1796; x_wconf 78' lang='grc' dir='ltr'><strong><em>ἔχει</em></strong></span> <span class='ocrx_word' id='word_1_147' title='bbox 703 1713 785 1796; x_wconf 79' lang='grc' dir='ltr'><strong><em>ἥπερ</em></strong></span> <span class='ocrx_word' id='word_1_148' title='bbox 814 1711 834 1795; x_wconf 78' lang='grc' dir='ltr'><em>ἡ</em></span> <span class='ocrx_word' id='word_1_149' title='bbox 862 1715 935 1776; x_wconf 93' lang='grc' dir='ltr'><strong><em>ΒΗ</em></strong></span> <span class='ocrx_word' id='word_1_150' title='bbox 957 1712 1043 1795; x_wconf 85' lang='grc' dir='ltr'><strong><em>πρὸς</em></strong></span> <span class='ocrx_word' id='word_1_151' title='bbox 1066 1716 1137 1776; x_wconf 92' lang='grc' dir='ltr'><strong><em>ΕΖ.</em></strong></span> 
     </span>
     <span class='ocr_line' id='line_1_16' title="bbox 73 1816 1136 1907; baseline -0.002 -23"><span class='ocrx_word' id='word_1_152' title='bbox 73 1825 106 1875; x_wconf 80' lang='lat'><strong><em>15</em></strong></span> <span class='ocrx_word' id='word_1_153' title='bbox 124 1820 161 1884; x_wconf 92' lang='grc' dir='ltr'><strong><em>τὸ</em></strong></span> <span class='ocrx_word' id='word_1_154' title='bbox 190 1821 254 1907; x_wconf 78' lang='grc' dir='ltr'><strong><em>ἄρα</em></strong></span> <span class='ocrx_word' id='word_1_155' title='bbox 276 1819 340 1885; x_wconf 80' lang='grc' dir='ltr'><strong><em>ὑπὸ</em></strong></span> <span class='ocrx_word' id='word_1_156' title='bbox 364 1823 445 1903; x_wconf 88' lang='grc' dir='ltr'><strong><em>ΑΕ,</em></strong></span> <span class='ocrx_word' id='word_1_157' title='bbox 467 1824 532 1884; x_wconf 92' lang='grc' dir='ltr'><strong><em>ΕΖ</em></strong></span> <span class='ocrx_word' id='word_1_158' title='bbox 554 1820 664 1904; x_wconf 80' lang='grc' dir='ltr'><strong><em>μεῖζόν</em></strong></span> <span class='ocrx_word' id='word_1_159' title='bbox 688 1817 756 1884; x_wconf 83' lang='grc' dir='ltr'><strong><em>ἐστι</em></strong></span> <span class='ocrx_word' id='word_1_160' title='bbox 780 1826 841 1882; x_wconf 86' lang='grc' dir='ltr'><strong><em>τοῦ</em></strong></span> <span class='ocrx_word' id='word_1_161' title='bbox 863 1816 929 1883; x_wconf 81' lang='grc' dir='ltr'><strong><em>ὑπὸ</em></strong></span> <span class='ocrx_word' id='word_1_162' title='bbox 952 1823 1032 1901; x_wconf 84' lang='grc' dir='ltr'>ΑΒ,</span> <span class='ocrx_word' id='word_1_163' title='bbox 1059 1821 1136 1901; x_wconf 88' lang='grc' dir='ltr'><strong><em>ΒΗ,</em></strong></span> 
     </span>
    </p>
   </div>
   <div class='ocr_carea' id='block_1_4' title="bbox 70 1920 1138 3196">
    <p class='ocr_par' dir='ltr' id='par_1_5' title="bbox 70 1920 1138 3196">
     <span class='ocr_line' id='line_1_17' title="bbox 124 1920 1137 2009; baseline 0 -19"><span class='ocrx_word' id='word_1_164' title='bbox 124 1924 273 1991; x_wconf 81' lang='grc' dir='ltr'><strong><em>τουτέστι</em></strong></span> <span class='ocrx_word' id='word_1_165' title='bbox 301 1928 338 1992; x_wconf 93' lang='grc' dir='ltr'><strong><em>τὸ</em></strong></span> <span class='ocrx_word' id='word_1_166' title='bbox 367 1927 423 1991; x_wconf 75' lang='grc' dir='ltr'><strong><em>διὰ</em></strong></span> <span class='ocrx_word' id='word_1_167' title='bbox 446 1934 504 2009; x_wconf 79' lang='grc' dir='ltr'><strong><em>τῆς</em></strong></span> <span class='ocrx_word' id='word_1_168' title='bbox 526 1931 596 1991; x_wconf 89' lang='grc' dir='ltr'><strong><em>ΑΕ</em></strong></span> <span class='ocrx_word' id='word_1_169' title='bbox 617 1923 795 2009; x_wconf 86' lang='grc' dir='ltr'><strong><em>ίσοσκελίς,</em></strong></span> <span class='ocrx_word' id='word_1_170' title='bbox 821 1920 862 1990; x_wconf 90' lang='grc' dir='ltr'><strong><em>οὗ</em></strong></span> <span class='ocrx_word' id='word_1_171' title='bbox 884 1924 981 2007; x_wconf 82' lang='grc' dir='ltr'><strong><em>βοίσις</em></strong></span> <span class='ocrx_word' id='word_1_172' title='bbox 1004 1923 1096 1990; x_wconf 82' lang='grc' dir='ltr'><strong><em>ἐστὶν</em></strong></span> <span class='ocrx_word' id='word_1_173' title='bbox 1119 1924 1137 2007; x_wconf 77' lang='grc' dir='ltr'>ἡ</span> 
     </span>
     <span class='ocr_line' id='line_1_18' title="bbox 124 2030 1138 2118; baseline 0.001 -22"><span class='ocrx_word' id='word_1_174' title='bbox 124 2033 224 2116; x_wconf 79' lang='grc' dir='ltr'><strong><em>θιντλίη</em></strong></span> <span class='ocrx_word' id='word_1_175' title='bbox 247 2042 306 2116; x_wconf 80' lang='grc' dir='ltr'><strong><em>τῆς</em></strong></span> <span class='ocrx_word' id='word_1_176' title='bbox 328 2037 407 2118; x_wconf 90' lang='grc' dir='ltr'><strong><em>ΕΖ,</em></strong></span> <span class='ocrx_word' id='word_1_177' title='bbox 429 2041 490 2098; x_wconf 87' lang='grc' dir='ltr'><strong><em>τοῦ</em></strong></span> <span class='ocrx_word' id='word_1_178' title='bbox 514 2034 570 2097; x_wconf 76' lang='grc' dir='ltr'><strong><em>διὰ</em></strong></span> <span class='ocrx_word' id='word_1_179' title='bbox 592 2041 652 2097; x_wconf 86' lang='grc' dir='ltr'><strong><em>τοῦ</em></strong></span> <span class='ocrx_word' id='word_1_180' title='bbox 676 2030 792 2110; x_wconf 83' lang='grc' dir='ltr'><strong><em>ίίξονος</em></strong></span> <span class='ocrx_word' id='word_1_181' title='bbox 816 2034 1006 2107; x_wconf 84' lang='grc' dir='ltr'><strong><em>ίσοσκελοῦς</em></strong></span> <span class='ocrx_word' id='word_1_182' title='bbox 1029 2034 1138 2115; x_wconf 74' lang='grc' dir='ltr'><strong><em>μεῖζόν</em></strong></span> 
     </span>
     <span class='ocr_line' id='line_1_19' title="bbox 125 2134 1138 2227; baseline 0 -24"><span class='ocrx_word' id='word_1_183' title='bbox 125 2137 206 2203; x_wconf 82' lang='grc' dir='ltr'><strong><em>ἐστι’</em></strong></span> <span class='ocrx_word' id='word_1_184' title='bbox 237 2141 274 2204; x_wconf 86' lang='grc' dir='ltr'><strong><em>τὸ</em></strong></span> <span class='ocrx_word' id='word_1_185' title='bbox 307 2140 372 2227; x_wconf 87' lang='grc' dir='ltr'><strong><em>ίίρα</em></strong></span> <span class='ocrx_word' id='word_1_186' title='bbox 402 2140 458 2204; x_wconf 76' lang='grc' dir='ltr'><strong><em>διὰ</em></strong></span> <span class='ocrx_word' id='word_1_187' title='bbox 489 2147 549 2204; x_wconf 85' lang='grc' dir='ltr'><strong><em>τοῦ</em></strong></span> <span class='ocrx_word' id='word_1_188' title='bbox 584 2136 701 2216; x_wconf 77' lang='grc' dir='ltr'><strong><em>ἄξονος</em></strong></span> <span class='ocrx_word' id='word_1_189' title='bbox 734 2134 898 2214; x_wconf 69' lang='grc' dir='ltr'><strong><em>ἰσοσκελὲς</em></strong></span> <span class='ocrx_word' id='word_1_190' title='bbox 931 2138 971 2202; x_wconf 89' lang='grc' dir='ltr'><strong><em>οὐ</em></strong></span> <span class='ocrx_word' id='word_1_191' title='bbox 1002 2138 1138 2203; x_wconf 80' lang='grc' dir='ltr'><strong><em>πάντων</em></strong></span> 
     </span>
     <span class='ocr_line' id='line_1_20' title="bbox 125 2243 1137 2332; baseline -0.002 -22"><span class='ocrx_word' id='word_1_192' title='bbox 125 2243 281 2329; x_wconf 80' lang='grc' dir='ltr'><strong><em>μέγιστόν</em></strong></span> <span class='ocrx_word' id='word_1_193' title='bbox 307 2245 378 2311; x_wconf 85' lang='grc' dir='ltr'><strong><em>ἐστι</em></strong></span> <span class='ocrx_word' id='word_1_194' title='bbox 404 2257 485 2330; x_wconf 82' lang='grc' dir='ltr'><strong><em>τῶν,</em></strong></span> <span class='ocrx_word' id='word_1_195' title='bbox 514 2246 559 2322; x_wconf 79' lang='grc' dir='ltr'><strong><em>ὡς</em></strong></span> <span class='ocrx_word' id='word_1_196' title='bbox 581 2251 722 2332; x_wconf 89' lang='grc' dir='ltr'><strong><em>εἴρηται,</em></strong></span> <span class='ocrx_word' id='word_1_197' title='bbox 745 2243 996 2329; x_wconf 77' lang='grc' dir='ltr'><strong><em>συνισταμένων</em></strong></span> <span class='ocrx_word' id='word_1_198' title='bbox 1019 2246 1137 2329; x_wconf 80' lang='grc' dir='ltr'><strong><em>τριγώ-</em></strong></span> 
     </span>
     <span class='ocr_line' id='line_1_21' title="bbox 71 2350 1137 2442; baseline -0.001 -25"><span class='ocrx_word' id='word_1_199' title='bbox 71 2360 105 2408; x_wconf 80' lang='lat'><strong><em>20</em></strong></span> <span class='ocrx_word' id='word_1_200' title='bbox 123 2377 202 2418; x_wconf 92' lang='grc' dir='ltr'><strong><em>νων.</em></strong></span> <span class='ocrx_word' id='word_1_201' title='bbox 247 2351 381 2437; x_wconf 74' lang='grc' dir='ltr'><strong><em>ἐδείχθη</em></strong></span> <span class='ocrx_word' id='word_1_202' title='bbox 405 2350 442 2419; x_wconf 71' lang='grc' dir='ltr'><strong><em>δὲ</em></strong></span> <span class='ocrx_word' id='word_1_203' title='bbox 465 2352 501 2418; x_wconf 81' lang='grc' dir='ltr'><strong><em>ἐν</em></strong></span> <span class='ocrx_word' id='word_1_204' title='bbox 523 2362 569 2442; x_wconf 79' lang='grc' dir='ltr'><strong><em>τῷ</em></strong></span> <span class='ocrx_word' id='word_1_205' title='bbox 590 2361 774 2439; x_wconf 77' lang='grc' dir='ltr'><strong><em>τριακοστῷ</em></strong></span> <span class='ocrx_word' id='word_1_206' title='bbox 798 2350 878 2439; x_wconf 77' lang='grc' dir='ltr'><strong><em>ἕκτην</em></strong></span> <span class='ocrx_word' id='word_1_207' title='bbox 902 2353 1064 2436; x_wconf 77' lang='grc' dir='ltr'><strong><em>καθόλου,</em></strong></span> <span class='ocrx_word' id='word_1_208' title='bbox 1087 2352 1137 2416; x_wconf 86' lang='grc' dir='ltr'><strong><em>ὅτι</em></strong></span> 
     </span>
     <span class='ocr_line' id='line_1_22' title="bbox 124 2456 1137 2546; baseline -0.002 -22"><span class='ocrx_word' id='word_1_209' title='bbox 124 2457 202 2524; x_wconf 71' lang='grc' dir='ltr'><strong><em>οὐδὲ</em></strong></span> <span class='ocrx_word' id='word_1_210' title='bbox 230 2458 415 2544; x_wconf 76' lang='grc' dir='ltr'><strong><em>ἐλάχιστον·</em></strong></span> <span class='ocrx_word' id='word_1_211' title='bbox 443 2461 519 2524; x_wconf 77' lang='grc' dir='ltr'><strong><em>οὔτε</em></strong></span> <span class='ocrx_word' id='word_1_212' title='bbox 544 2461 608 2546; x_wconf 77' lang='grc' dir='ltr'><strong><em>ἄρα</em></strong></span> <span class='ocrx_word' id='word_1_213' title='bbox 631 2456 786 2543; x_wconf 78' lang='grc' dir='ltr'><strong><em>μέγιστόν</em></strong></span> <span class='ocrx_word' id='word_1_214' title='bbox 809 2456 878 2522; x_wconf 82' lang='grc' dir='ltr'><strong><em>ἐστι</em></strong></span> <span class='ocrx_word' id='word_1_215' title='bbox 901 2456 1038 2521; x_wconf 78' lang='grc' dir='ltr'><strong><em>πάντων</em></strong></span> <span class='ocrx_word' id='word_1_216' title='bbox 1062 2458 1137 2522; x_wconf 79' lang='grc' dir='ltr'><strong><em>οὔτε</em></strong></span> 
     </span>
     <span class='ocr_line' id='line_1_23' title="bbox 124 2565 304 2650; baseline 0 -19"><span class='ocrx_word' id='word_1_217' title='bbox 124 2565 304 2650; x_wconf 79' lang='grc' dir='ltr'><strong><em>ἐλάχιστον.</em></strong></span> 
     </span>
     <span class='ocr_line' id='line_1_24' title="bbox 597 2672 664 2757; baseline 0 -20"><span class='ocrx_word' id='word_1_218' title='bbox 597 2672 664 2757; x_wconf 86' lang='grc' dir='ltr'><strong><em>μα’.</em></strong></span> 
     </span>
     <span class='ocr_line' id='line_1_25' title="bbox 187 2784 1135 2872; baseline -0.002 -20"><span class='ocrx_word' id='word_1_219' title='bbox 187 2786 284 2852; x_wconf 84' lang='grc' dir='ltr'><strong><em>Ἀλλίι</em></strong></span> <span class='ocrx_word' id='word_1_220' title='bbox 307 2789 349 2872; x_wconf 76' lang='grc' dir='ltr'><strong><em>δὴ</em></strong></span> <span class='ocrx_word' id='word_1_221' title='bbox 372 2790 454 2854; x_wconf 77' lang='grc' dir='ltr'><strong><em>ἔστω</em></strong></span> <span class='ocrx_word' id='word_1_222' title='bbox 478 2788 582 2854; x_wconf 61' lang='lat' dir='ltr'><strong><em>&amp;AB</em></strong></span> <span class='ocrx_word' id='word_1_223' title='bbox 600 2787 688 2867; x_wconf 83' lang='grc' dir='ltr'><strong><em>ἴίξων</em></strong></span> <span class='ocrx_word' id='word_1_224' title='bbox 707 2794 777 2864; x_wconf 90' lang='grc' dir='ltr'><strong><em>ἴσος</em></strong></span> <span class='ocrx_word' id='word_1_225' title='bbox 795 2796 834 2872; x_wconf 72' lang='grc' dir='ltr'><strong><em>τῇ</em></strong></span> <span class='ocrx_word' id='word_1_226' title='bbox 854 2785 888 2851; x_wconf 80' lang='grc' dir='ltr'><strong><em>ἐκ</em></strong></span> <span class='ocrx_word' id='word_1_227' title='bbox 906 2794 966 2850; x_wconf 88' lang='grc' dir='ltr'><strong><em>τοῦ</em></strong></span> <span class='ocrx_word' id='word_1_228' title='bbox 986 2784 1135 2870; x_wconf 82' lang='grc' dir='ltr'><strong><em>κέντρου.</em></strong></span> 
     </span>
     <span class='ocr_line' id='line_1_26' title="bbox 70 2889 1133 2978; baseline -0.002 -20"><span class='ocrx_word' id='word_1_229' title='bbox 70 2899 104 2949; x_wconf 80' lang='lat'><strong><em>25</em></strong></span> <span class='ocrx_word' id='word_1_230' title='bbox 188 2892 209 2976; x_wconf 78' lang='grc' dir='ltr'><em>ἡ</em></span> <span class='ocrx_word' id='word_1_231' title='bbox 238 2895 279 2978; x_wconf 76' lang='grc' dir='ltr'><strong><em>δὴ</em></strong></span> <span class='ocrx_word' id='word_1_232' title='bbox 306 2893 371 2959; x_wconf 80' lang='grc' dir='ltr'><strong><em>ὑπὸ</em></strong></span> <span class='ocrx_word' id='word_1_233' title='bbox 394 2899 499 2960; x_wconf 84' lang='grc' dir='ltr'><strong><em>ΑΒΔ</em></strong></span> <span class='ocrx_word' id='word_1_234' title='bbox 526 2899 631 2978; x_wconf 81' lang='grc' dir='ltr'><strong><em>γωνία</em></strong></span> <span class='ocrx_word' id='word_1_235' title='bbox 659 2894 802 2961; x_wconf 79' lang='grc' dir='ltr'><strong><em>ἐλάττων</em></strong></span> <span class='ocrx_word' id='word_1_236' title='bbox 826 2889 909 2959; x_wconf 85' lang='grc' dir='ltr'><strong><em>οὖσα</em></strong></span> <span class='ocrx_word' id='word_1_237' title='bbox 932 2891 1040 2977; x_wconf 75' lang='grc' dir='ltr'><strong><em>ὀρθῆς</em></strong></span> <span class='ocrx_word' id='word_1_238' title='bbox 1062 2894 1133 2975; x_wconf 72' lang='grc' dir='ltr'><strong><em>ἤτοι</em></strong></span> 
     </span>
     <span class='ocr_line' id='line_1_27' title="bbox 123 2999 795 3087; baseline -0.004 -19"><span class='ocrx_word' id='word_1_239' title='bbox 123 3000 267 3068; x_wconf 78' lang='grc' dir='ltr'><strong><em>ἐλάττων</em></strong></span> <span class='ocrx_word' id='word_1_240' title='bbox 290 3000 380 3067; x_wconf 82' lang='grc' dir='ltr'><strong><em>ἐστὶν</em></strong></span> <span class='ocrx_word' id='word_1_241' title='bbox 401 2999 552 3087; x_wconf 80' lang='grc' dir='ltr'><strong><em>ἡμισείας</em></strong></span> <span class='ocrx_word' id='word_1_242' title='bbox 574 3003 680 3087; x_wconf 81' lang='grc' dir='ltr'><strong><em>ὀρθῆς</em></strong></span> <span class='ocrx_word' id='word_1_243' title='bbox 702 3000 722 3085; x_wconf 74' lang='grc' dir='ltr'><strong><em>ἣ</em></strong></span> <span class='ocrx_word' id='word_1_244' title='bbox 746 3001 795 3067; x_wconf 77' lang='grc' dir='ltr'><strong><em>οὔ.</em></strong></span> 
     </span>
     <span class='ocr_line' id='line_1_28' title="bbox 189 3103 1134 3196; baseline -0.005 -22"><span class='ocrx_word' id='word_1_245' title='bbox 189 3112 271 3174; x_wconf 79' lang='grc' dir='ltr'><strong><em>ἔστω</em></strong></span> <span class='ocrx_word' id='word_1_246' title='bbox 293 3112 455 3196; x_wconf 80' lang='grc' dir='ltr'><strong><em>πρότερον</em></strong></span> <span class='ocrx_word' id='word_1_247' title='bbox 478 3111 539 3175; x_wconf 89' lang='grc' dir='ltr'><strong><em>οὐκ</em></strong></span> <span class='ocrx_word' id='word_1_248' title='bbox 562 3108 706 3175; x_wconf 81' lang='grc' dir='ltr'><strong><em>ἐλάττων</em></strong></span> <span class='ocrx_word' id='word_1_249' title='bbox 727 3105 890 3193; x_wconf 76' lang='grc' dir='ltr'><strong><em>ἡμισείας,</em></strong></span> <span class='ocrx_word' id='word_1_250' title='bbox 916 3103 971 3170; x_wconf 89' lang='grc' dir='ltr'><strong><em>καῖ</em></strong></span> <span class='ocrx_word' id='word_1_251' title='bbox 995 3106 1053 3170; x_wconf 76' lang='grc' dir='ltr'><strong><em>διὰ</em></strong></span> <span class='ocrx_word' id='word_1_252' title='bbox 1076 3115 1134 3170; x_wconf 87' lang='grc' dir='ltr'><strong><em>τοῦ</em></strong></span> 
     </span>
    </p>
   </div>
   <div class='ocr_carea' id='block_1_5' title="bbox 122 3299 1133 3444">
    <p class='ocr_par' dir='ltr' id='par_1_6' title="bbox 122 3299 1133 3444">
     <span class='ocr_line' id='line_1_29' title="bbox 193 3299 1133 3422; baseline -0.005 -66"><span class='ocrx_word' id='word_1_253' title='bbox 193 3309 217 3359; x_wconf 81' lang='lat'><strong><em>2.</em></strong></span> <span class='ocrx_word' id='word_1_254' title='bbox 238 3302 352 3386; x_wconf 62' lang='lat' dir='ltr'><strong><em>ssu(p3.)]</em></strong></span> <span class='ocrx_word' id='word_1_255' title='bbox 372 3301 403 3359; x_wconf 78' lang='grc' dir='ltr'><strong><em>ἐκ</em></strong></span> <span class='ocrx_word' id='word_1_256' title='bbox 420 3310 469 3372; x_wconf 79' lang='grc' dir='ltr'><strong><em>τῆς</em></strong></span> <span class='ocrx_word' id='word_1_257' title='bbox 487 3319 510 3357; x_wconf 88' lang='grc' dir='ltr'><strong><em>ο.</em></strong></span> <span class='ocrx_word' id='word_1_258' title='bbox 565 3306 590 3357; x_wconf 86' lang='grc'><strong><em>4,</em></strong></span> <span class='ocrx_word' id='word_1_259' title='bbox 611 3303 677 3371; x_wconf 85' lang='grc' dir='ltr'>ΒΖ,</span> <span class='ocrx_word' id='word_1_260' title='bbox 697 3301 768 3372; x_wconf 84' lang='grc' dir='ltr'>ΒΗ]</span> <span class='ocrx_word' id='word_1_261' title='bbox 789 3303 852 3368; x_wconf 88' lang='grc' dir='ltr'><strong><em>ΗΒ,</em></strong></span> <span class='ocrx_word' id='word_1_262' title='bbox 871 3303 923 3353; x_wconf 91' lang='grc' dir='ltr'><strong><em>ΒΖ</em></strong></span> <span class='ocrx_word' id='word_1_263' title='bbox 941 3317 967 3368; x_wconf 89' lang='lat' dir='ltr'><strong><em>p.</em></strong></span> <span class='ocrx_word' id='word_1_264' title='bbox 1017 3299 1133 3422; x_wconf 46' lang='grc' dir='ltr'>,ΒΗημ</span> 
     </span>
     <span class='ocr_line' id='line_1_30' title="bbox 122 3368 1132 3444; baseline -0.006 -17"><span class='ocrx_word' id='word_1_265' title='bbox 122 3376 151 3428; x_wconf 75' lang='grc' dir='ltr'><strong><em>εἴ</em></strong></span> <span class='ocrx_word' id='word_1_266' title='bbox 168 3374 202 3444; x_wconf 89' lang='lat' dir='ltr'><strong><em>V,</em></strong></span> <span class='ocrx_word' id='word_1_267' title='bbox 226 3375 277 3428; x_wconf 81' lang='lat' dir='ltr'><strong><em>sed</em></strong></span> <span class='ocrx_word' id='word_1_268' title='bbox 294 3375 391 3430; x_wconf 58' lang='lat' dir='ltr'><strong>htssera</strong></span> <span class='ocrx_word' id='word_1_269' title='bbox 409 3379 431 3428; x_wconf 91' lang='grc' dir='ltr'>Β</span> <span class='ocrx_word' id='word_1_270' title='bbox 449 3371 562 3427; x_wconf 74' lang='lat' dir='ltr'>macula</span> <span class='ocrx_word' id='word_1_271' title='bbox 580 3372 743 3442; x_wconf 77' lang='lat' dir='ltr'>obscurata,</span> <span class='ocrx_word' id='word_1_272' title='bbox 770 3374 823 3427; x_wconf 89' lang='grc' dir='ltr'>ΒΘ</span> <span class='ocrx_word' id='word_1_273' title='bbox 842 3388 889 3425; x_wconf 82' lang='grc' dir='ltr'><strong><em>νο.</em></strong></span> <span class='ocrx_word' id='word_1_274' title='bbox 962 3375 987 3424; x_wconf 86' lang='grc'><strong><em>9.</em></strong></span> <span class='ocrx_word' id='word_1_275' title='bbox 1008 3368 1067 3441; x_wconf 84' lang='grc' dir='ltr'><strong><em>ἴσα]</em></strong></span> <span class='ocrx_word' id='word_1_276' title='bbox 1099 3385 1132 3421; x_wconf 88' lang='grc' dir='ltr'><strong><em>σα</em></strong></span> 
     </span>
    </p>
   </div>
   <div class='ocr_carea' id='block_1_6' title="bbox 101 3456 1139 3618">
    <p class='ocr_par' dir='ltr' id='par_1_7' title="bbox 101 3456 1139 3618">
     <span class='ocr_line' id='line_1_31' title="bbox 117 3456 1132 3543; baseline -0.004 -19"><span class='ocrx_word' id='word_1_277' title='bbox 117 3469 191 3527; x_wconf 79' lang='grc' dir='ltr'><strong><em>εἰσίν</em></strong></span> <span class='ocrx_word' id='word_1_278' title='bbox 210 3491 237 3541; x_wconf 82' lang='grc' dir='ltr'><strong><em>μ,</em></strong></span> <span class='ocrx_word' id='word_1_279' title='bbox 331 3476 372 3528; x_wconf 90' lang='lat'><strong><em>10.</em></strong></span> <span class='ocrx_word' id='word_1_280' title='bbox 397 3471 472 3527; x_wconf 73' lang='lat' dir='ltr'><strong>Ante</strong></span> <span class='ocrx_word' id='word_1_281' title='bbox 491 3470 509 3543; x_wconf 74' lang='grc' dir='ltr'><strong><em>ἡ</em></strong></span> <span class='ocrx_word' id='word_1_282' title='bbox 525 3469 596 3543; x_wconf 75' lang='lat' dir='ltr'>(alt.)</span> <span class='ocrx_word' id='word_1_283' title='bbox 615 3470 718 3538; x_wconf 47' lang='lat' dir='ltr'>adda(</span> <span class='ocrx_word' id='word_1_284' title='bbox 740 3471 770 3523; x_wconf 63' lang='lat' dir='ltr'><strong><em>et</em></strong></span> <span class='ocrx_word' id='word_1_285' title='bbox 787 3486 843 3537; x_wconf 77' lang='lat' dir='ltr'><strong><em>mg.</em></strong></span> <span class='ocrx_word' id='word_1_286' title='bbox 869 3468 904 3536; x_wconf 72' lang='grc' dir='ltr'><strong><em>,ἡ</em></strong></span> <span class='ocrx_word' id='word_1_287' title='bbox 920 3456 1019 3537; x_wconf 48' lang='lat' dir='ltr'><strong><em>{vm</em></strong></span> <span class='ocrx_word' id='word_1_288' title='bbox 1036 3456 1075 3522; x_wconf 57' lang='grc' dir='ltr'><strong><em>ὦ</em></strong></span> <span class='ocrx_word' id='word_1_289' title='bbox 1094 3467 1132 3520; x_wconf 81' lang='lat' dir='ltr'><strong><em>sic</em></strong></span> 
     </span>
     <span class='ocr_line' id='line_1_32' title="bbox 101 3539 1139 3618; baseline -0.023 -8"><span class='ocrx_word' id='word_1_290' title='bbox 101 3543 284 3613; x_wconf 63' lang='lat' dir='ltr'><strong><em>apographf‘</em></strong></span> <span class='ocrx_word' id='word_1_291' title='bbox 304 3563 344 3602; x_wconf 87' lang='lat' dir='ltr'><strong><em>m.</em></strong></span> <span class='ocrx_word' id='word_1_292' title='bbox 365 3561 424 3603; x_wconf 81' lang='lat' dir='ltr'>rec.</span> <span class='ocrx_word' id='word_1_293' title='bbox 445 3545 479 3603; x_wconf 86' lang='lat' dir='ltr'><strong><em>V.</em></strong></span> <span class='ocrx_word' id='word_1_294' title='bbox 578 3544 652 3618; x_wconf 61' lang='lat' dir='ltr'><strong><em>ZE]</em></strong></span> <span class='ocrx_word' id='word_1_295' title='bbox 675 3544 735 3598; x_wconf 85' lang='lat' dir='ltr'><strong><em>HE</em></strong></span> <span class='ocrx_word' id='word_1_296' title='bbox 754 3559 785 3610; x_wconf 70' lang='grc' dir='ltr'><strong><em>η.</em></strong></span> <span class='ocrx_word' id='word_1_297' title='bbox 874 3543 921 3590; x_wconf 68' lang='lat' dir='ltr'><strong><em>n.</em></strong></span> <span class='ocrx_word' id='word_1_298' title='bbox 946 3539 1025 3604; x_wconf 62' lang='lat' dir='ltr'>m</span> <span class='ocrx_word' id='word_1_299' title='bbox 1038 3543 1093 3588; x_wconf 66' lang='lat' dir='ltr'>u</span> <span class='ocrx_word' id='word_1_300' title='bbox 1108 3555 1139 3601; x_wconf 49' lang='grc' dir='ltr'><strong><em>ω.</em></strong></span> 
     </span>
    </p>
   </div>
   <div class='ocr_carea' id='block_1_7' title="bbox 0 0 1220 3854">
    <p class='ocr_par' dir='ltr' id='par_1_8' title="bbox 0 0 1220 3854">
     <span class='ocr_line' id='line_1_33' title="bbox 0 0 1220 3854; baseline 0 0"><span class='ocrx_word' id='word_1_301' title='bbox 0 0 1220 3854; x_wconf 95' lang='lat' dir='ltr'><strong><em> </em></strong></span> 
     </span>
    </p>
   </div>
  </div>
 </body>
</html>
