2430 3854
355 149 419 198 -DE
439 148 615 200 sacriora
634 148 814 199 OYLINDRI.
1056 145 1098 208 39

87 298 120 358 et
159 292 323 377 cylindrus
360 295 500 376 secetur,
536 296 574 355 ut
606 290 758 375 diximus,
789 291 888 375 plano
922 291 1099 355 sectionem

87 401 243 466 efficienti
284 403 393 464 ΕΖΗ
396 403 437 482 Θ,
483 399 530 462 ita
570 404 608 462 ut
648 397 914 462 concurrentibus
957 398 1099 462 sectione

756 506 897 567 ΕΖΗΘ
939 504 1099 588 planoque

755 609 843 673 basis
867 613 938 674 ΑΓ
959 632 1101 674 commu-

756 715 807 779 nis
836 716 937 780 sectio
962 720 1030 780 ΚΛ
1060 717 1101 781 ad

756 825 879 886 rectam
917 825 1017 886 ΓΑΛ
1058 823 1101 886 sit

755 928 1044 1013 perpendicularis,
1068 933 1101 992 et

757 1058 776 1098 a
818 1035 959 1099 sectione
997 1039 1105 1098 ΕΖΗ

756 1146 845 1207 recta
873 1141 981 1224 aliqua
1009 1143 1103 1205 duea-

757 1253 811 1311 tur
827 1252 904 1312 ZM
912 1252 1018 1312 rectae
1033 1252 1101 1312 ΚΛ

756 1353 911 1439 parallelo
931 1355 1102 1438 producta-

758 1482 819 1543 que
830 1461 870 1523 ad
885 1461 1021 1525 alteram
1029 1483 1102 1545 par-

757 1572 824 1631 tem
841 1567 1022 1651 superficiei
1037 1571 1101 1630 ter-

758 1675 900 1738 minetur
912 1674 948 1738 iu
964 1678 1000 1738 Θ.
1022 1674 1103 1756 dico,

87 1782 211 1842 rectam
236 1783 314 1843 ZM
330 1779 366 1842 in
383 1783 457 1842 EH
476 1781 597 1865 cadere,
621 1784 654 1844 et
677 1802 747 1845 esse
768 1785 846 1844 ZM
857 1811 897 1833 =
912 1784 996 1845 ΜΘ.

156 1885 308 1967 quoniam
350 1885 436 1949 enim
477 1886 513 1949 in
554 1885 695 1951 sectione
737 1891 846 1951 ΕΖΗ
882 1890 989 1950 rectae
1031 1888 1066 1948 K
1071 1889 1102 1949 Λ

87 1991 243 2076 parallelo
266 1991 362 2056 ducta
385 1995 435 2055 est
458 1995 543 2075 ZM,
566 1992 653 2056 intra
675 1992 1016 2078 parallelogrammum
1037 1994 1103 2055 ΓΛ

89 2097 176 2162 cadit
200 2097 303 2182 [prop.
323 2097 394 2181 xl]
436 2103 469 2161 et
493 2098 646 2181 quoniam
669 2104 757 2163 recta
777 2103 855 2163 ZM
872 2099 981 2182 posita
999 2103 1049 2162 est
1067 2099 1102 2161 in

87 2203 187 2289 plano
215 2207 368 2288 ΕΖΗΘ,
396 2209 429 2268 et
456 2208 530 2269 ΕΗ
554 2205 621 2269 eius
650 2205 1009 2290 parallelogrammique
1037 2207 1103 2268 ΓΛ

88 2310 270 2375 eommunis
294 2315 344 2374 est
367 2311 482 2396 sectio,
508 2315 585 2375 ZM
602 2311 637 2374 in
660 2315 734 2374 ΕΗ
752 2311 846 2375 cadit.

157 2438 226 2481 esse
242 2421 350 2481 autem
366 2421 490 2481 ZM=
501 2423 546 2482 M
548 2422 590 2502 Θ,
604 2421 637 2481 et
650 2417 758 2501 ipsum
770 2440 829 2502 per
842 2417 1102 2501 propositionem

87 2523 334 2608 praecedentem
356 2524 565 2589 manifestum
590 2530 647 2589 est.

156 2630 317 2715 reliquum
349 2635 413 2715 est,
444 2635 481 2695 ut
514 2633 785 2716 demonstremur,
816 2635 939 2696 rectam
966 2635 1035 2696 ΚΛ
1061 2631 1102 2695 ad

87 2740 196 2801 ΕΗΛ
227 2736 524 2821 perpendicularem
552 2760 635 2822 esse,
670 2738 697 2802 si
725 2738 890 2823 cylindrus
918 2743 1026 2803 rectus
1055 2738 1098 2802 sit

88 2847 147 2906 aut
170 2846 237 2907 ΓΔ
264 2844 304 2908 ad
331 2844 437 2908 basim
465 2844 602 2929 cylindri
624 2844 896 2929 perpendiculare.
943 2845 1100 2928 quoniam

89 2951 178 3014 enim
200 2950 333 3034 planum
354 2953 419 3014 ΓΛ
443 2950 482 3013 ad
503 2950 636 3034 planum
653 2951 742 3015 basis
760 2950 1023 3035 perpendiculare
1043 2954 1103 3034 est,

87 3062 124 3121 et
161 3056 202 3119 ad
235 3058 336 3120 ΓΑΛ
373 3078 577 3121 communem
613 3079 725 3121 eorum
762 3056 938 3122 sectionem
969 3077 1116 3140 perpen·.

89 3162 244 3227 dieularis
278 3167 327 3226 est
359 3167 428 3227 ΚΛ
459 3163 495 3225 in
525 3163 624 3247 plano
656 3163 744 3228 basis
777 3164 898 3247 posita,
931 3161 1029 3225 etiam
1062 3160 1103 3223 ad

87 3270 251 3353 reliquum
273 3269 407 3352 planum
425 3268 722 3354 parallelogrammi
742 3272 807 3333 ΓΛ
825 3265 1102 3353 perpendicularis

88 3381 140 3441 est
165 3374 270 3457 [Eucl.
290 3375 338 3438 XI
361 3375 421 3440 def.
441 3377 485 3456 4}

158 3483 208 3547 sin
238 3485 303 3546 ΓΔ
336 3481 376 3545 ad
406 3482 513 3546 basim
545 3481 816 3568 perpendiculare
845 3501 922 3544 non
952 3483 1027 3561 est,
1050 3496 1132 3538 uon
