2430 3854
121 176 185 240 152
434 179 522 230 ΠΕΡΙ
539 177 668 230 Κῶμον
686 178 822 230 ΤοΜΗΣ.

120 332 270 407 κορυφῆς
301 323 442 398 κάθετος
474 320 526 387 ἐπὶ
557 323 595 388 τὸ
627 331 684 405 τῆς
713 322 839 405 βάσεως
867 321 1023 386 ἐπίπεδον
1050 323 1133 386 κατὰ

120 431 156 494 τὸ
176 434 215 511 Ε,
239 427 293 494 καὶ
317 428 499 512 ἐπεζεύχθω
523 429 543 512 ἡ
567 433 639 512 ΒΕ,
662 426 718 492 καὶ
741 429 987 512 διεκβεβλησθω
1011 430 1049 494 τὸ
1073 437 1133 493 τοῦ

121 540 224 600 ΑΒΕ
244 537 409 621 τριγώνου
429 535 584 600 ἐπίπεδον
603 543 723 601 ποιοῦν
742 535 778 600 έν
796 544 842 623 τῳ
860 536 956 623 κώνῳ
975 536 1012 600 τὸ
1033 538 1133 599 ΑΓΔ

120 645 292 728 τρίγωνον.
349 640 448 725 λέγω,
480 641 530 707 ὅτι
557 643 594 706 τὸ
622 645 720 706 ΑΓΛ
752 642 835 727 πρὸς
861 641 964 727 ὀρθῶς
992 640 1060 705 ἐστι
1093 651 1134 725 τῇ

86 759 101 806 5
121 749 215 832 βώσιι
238 757 297 814 τοῦ
319 749 440 813 κώνου.

187 854 256 920 ἐπεὶ
279 857 342 940 γὰρ
366 855 386 938 η
409 859 479 920 ΑΕ
504 855 644 932 κάθετός
667 854 757 920 ἐστιν
786 853 838 920 ἐπὶ
866 856 903 920 τὸ
926 863 984 938 τῆς
1006 854 1134 937 βάσεως

121 961 292 1044 ἐπίπεδον,
317 960 373 1027 καλ
395 962 502 1027 πώντα
525 964 588 1047 ἅμα
611 963 652 1026 τὰ
675 962 730 1026 διὰ
753 973 811 1046 τῆς
833 966 901 1026 ΑΕ
922 961 1060 1026 ἐπίπεδα
1084 959 1134 1024 έκ-

121 1073 306 1154 βαλλόμενα
333 1070 416 1155 πρὸς
430 1067 549 1154 ’ὀρθῶς
572 1067 641 1134 ἐστι
668 1078 713 1157 τῷ
742 1078 800 1153 τῆς
822 1069 949 1153 βάσεως
976 1067 1133 1156 ἐπιπέδῳ·

121 1176 177 1243 καὶ
203 1179 241 1244 τὸ
264 1179 364 1242 ΑΓΛ
391 1177 455 1261 ἄρα
482 1179 646 1261 τρίγωνον
673 1177 755 1262 πρὸς
783 1176 888 1262 ὀρθάς
911 1175 980 1240 ἐστι
1007 1186 1053 1264 τῳ
1077 1186 1135 1260 τῆς

71 1293 104 1340 10
123 1284 249 1367 βάσεως
273 1282 428 1371 ἐπιπέδῳ·
453 1284 531 1368 ὅπερ
556 1284 621 1348 ἔδει
644 1294 786 1368 ποιῆσαι.

601 1477 656 1546 ις’.

124 1643 128 1649 ·
187 1600 263 1667 Ἐολν
281 1615 387 1680 κῶνος
405 1605 567 1687 σκαληνὸς
586 1605 642 1668 διὰ
660 1612 720 1668 τοῦ
735 1602 851 1681 ἄξονος
866 1601 1007 1692 ἐπιπέδῳ
1022 1611 1134 1689 τμηθῇ

123 1710 205 1795 πρὸς
232 1708 338 1795 ὀρθῶς
369 1719 409 1796 τῇ
441 1711 549 1794 βάσει,
581 1711 618 1776 τὸ
646 1712 824 1794 γενόμενον
851 1714 1014 1796 τρίγωνον
1043 1713 1135 1775 ἔσται

123 1817 299 1900 σκαληνόν,
323 1811 364 1881 οὗ
386 1816 407 1899 ἡ
429 1812 490 1903 μὲν
513 1819 630 1900 μείζων
652 1817 778 1902 πλευρὰ
801 1822 936 1901 μεγίστη
960 1821 1051 1882 ἔσται
1073 1839 1136 1881 πα·

72 1935 105 1983 15
124 1934 193 1987 σῶν
219 1933 286 1987 τῶν
310 1922 373 1988 ἀπὸ
401 1933 459 2006 της
481 1933 631 2008 κορυφῆς
657 1933 716 1990 τοῦ
739 1926 849 1989 κώνου
880 1922 933 1988 έπλ
960 1926 1021 2008 την
1044 1946 1135 2009 περι-

125 2029 261 2116 φέρειαν
283 2038 341 2112 της
363 2029 489 2113 ῥώσεως
512 2029 683 2113 ἀγομένων
706 2013 863 2113 έύθειῶν,
886 2029 906 2113 ἡ
931 2027 967 2095 δὲ
990 2031 1135 2095 έλολττων

124 2139 250 2222 πλευρὰ
270 2136 420 2220 ἐλαχίστη
439 2146 554 2201 πασῶν
572 2146 639 2200 τῶν
654 2136 775 2219 ὁμοίως
792 2135 963 2220 ἀγομένων
982 2138 1136 2220 εὐθειῶν,

125 2256 192 2310 τῶν
215 2240 252 2308 δὲ
275 2244 385 2308 ἄλλων
408 2241 551 2307 εὐθειῶν
572 2240 592 2323 η
616 2251 656 2327 τῇ
678 2245 813 2327 μεγίστη
836 2245 948 2324 έγγιον
970 2252 1028 2327 τῆς
1047 2244 1135 2309 ἀπώ-

124 2354 221 2436 τερόν
244 2349 312 2415 ἐστι
335 2352 461 2434 μείζων.

72 2467 106 2516 20
192 2459 273 2522 ἔστω
297 2467 403 2532 κῶνος
425 2457 603 2549 σκαληνός,Ι
620 2451 660 2520 οὗ
683 2458 813 2540 κορυφὴ
836 2452 897 2539 μὲν
919 2458 955 2521 τὸ
975 2462 1016 2539 A,
1040 2458 1137 2540 βώσις

126 2561 162 2629 δέ
190 2563 208 2629 ὁ
238 2565 338 2628 ΓΕΔ
365 2563 499 2645 κύκλος,
531 2559 618 2639 ἄξων
646 2558 683 2626 δὲ
710 2561 728 2627 ὁ
754 2566 836 2646 ΑΒ,
867 2572 928 2627 τοῦ
960 2561 997 2628 δὲ
1024 2566 1135 2629 κώνου

126 2668 310 2754 τμηθέντος
332 2670 389 2732 διὰ
411 2676 470 2733 τοῦ
489 2666 606 2746 ἄξονος
623 2669 706 2754 πρὸς
724 2667 830 2752 ὀρθῶς
846 2679 892 2756 τῳ
910 2672 1008 2734 ΓΕΔ
1026 2671 1136 2758 κύκλῳ

125 2778 163 2842 τὸ
187 2778 366 2858 γενόμενον
387 2777 552 2859 τρίγωνον
575 2777 656 2839 ἔστω
679 2776 716 2840 τὸ
736 2778 845 2858 ΑΓΛ,
867 2775 1075 2861 προσνιυέτω
1101 2775 1137 2842 δὲ

127 2882 144 2948 ὁ
173 2880 260 2959 ἄξων
287 2878 340 2946 ἐπὶ
367 2881 404 2945 τὸ
431 2886 464 2944 Λ
494 2878 602 2968 μέρος.
656 2879 725 2946 ἐπεὶ
753 2877 815 2947 οὖν
846 2888 1012 2965 σκαληνοῦ
1040 2885 1137 2961 ὄντος

75 3000 109 3049 25
128 2997 188 3054 τοῦ
216 2989 325 3052 κώνου
359 2987 419 3052 οὔκ
447 2986 537 3052 ἐστιν
567 2987 588 3071 ἡ
616 2991 682 3052 ΑΒ
713 2989 796 3073 πρὸς
828 2988 934 3073 ὀρθὰς
965 2999 1010 3076 τῷ
1041 2994 1138 3055 ΓΔΕ

199 3187 223 3237 2.
243 3182 312 3253 ΒΕ]
333 3183 388 3233 ΒΓ
403 3179 456 3248 Vc,
477 3183 529 3233 ΕΒ
546 3198 574 3249 p,
593 3196 662 3234 corr.
681 3179 784 3250 Halley
802 3183 846 3251 (eb
865 3180 988 3251 Com).
1062 3184 1137 3237 διεκ-

127 3252 284 3325 βεβλήσθω]
315 3250 492 3323 ἐκβεβλήσθω
514 3269 541 3320 p.
632 3256 657 3304 3.
685 3252 782 3375 ABE&
810 3255 895 3306 AHE
917 3253 976 3320 Vc,
1004 3257 1085 3307 ΑΕΒ
1108 3273 1135 3323 p,

128 3341 195 3378 corr.
216 3323 319 3394 Comm.
393 3328 417 3376 9.
436 3319 532 3376 καί-
549 3327 590 3376 10.
611 3319 744 3395 ἐπιπέὸω]
784 3321 808 3376 is
827 3323 859 3376 V.
930 3330 970 3378 10.
991 3322 1058 3391 ὅπερ
1080 3325 1137 3379 ἔδει

127 3397 255 3466 ποιῆσαι]
275 3411 327 3449 om.
346 3412 373 3463 p.
434 3400 475 3448 18.
495 3393 650 3464 ἀπώτερον]
665 3411 692 3462 p,
712 3377 850 3462 βιπότερον
864 3394 917 3449 Vc.
978 3401 1018 3448 22.
1041 3398 1136 3467 ΓΕΔ]

120 3470 211 3519 ΑΕΔ
227 3482 295 3519 οοπ,
317 3481 351 3519 ex
368 3467 456 3519 ΑΕΓ
475 3481 511 3518 m.
532 3468 546 3516 1
566 3480 588 3518 ο.
667 3469 709 3518 23.
729 3462 913 3536 προσνευέτω]
933 3465 977 3519 bis
997 3483 1019 3520 ο.
1094 3475 1136 3522 25.

106 3535 214 3604 ΓΔΕ]
230 3539 323 3590 ΓΕΔ
336 3555 364 3609 p.
