2430 3854
119 161 186 224 284
431 163 519 212 ΠΕΡΙ
536 160 664 213 Καωον
682 161 818 212 ΤοιιΗΣ,

187 301 256 369 ἐπεὶ
283 304 346 390 γὰρ
375 304 392 369 6
415 308 455 368 H
478 305 598 379 κύκλος
626 305 708 389 πρὸς
730 305 790 367 τὸν
815 308 844 367 Θ
866 305 990 368 κύκλον
1013 304 1128 368 διπλα-

121 413 216 476 σίονα
244 412 345 493 λόγον
372 413 437 493 ἔχει
463 411 546 495 ἥπερ
574 409 594 492 ἡ
619 413 684 475 ΓΛ
710 411 793 495 πρὸς
814 414 892 495 ΕΖ,
921 410 966 485 ὡς
994 406 1031 474 δὲ
1055 410 1072 475 6
1096 415 1133 474 Η

120 519 240 593 κύκλος
266 518 349 603 πρὸς
375 518 434 581 τὸν
459 521 488 580 Θ
514 517 651 598 κύκλον,
679 516 785 592 ούτως
812 517 829 581 6
853 520 998 581 ΑΗΓΔ
1025 527 1131 592 κῶνος

119 625 203 708 πρὸς
226 624 284 687 τὸν
304 627 437 687 ΒΘΕΖ
460 634 583 688 κῶνον·
608 624 756 700 ἰσοϋψεῖς
774 621 851 706 γάρ·
874 621 931 687 καὶ
954 623 972 687 6
992 627 1130 688 ΑΗΓΛ

76 736 101 793 ‘5
121 733 185 817 ἄρα
207 740 314 806 κῶνος
335 731 419 816 πρὸς
441 730 500 795 τὸν
518 733 653 793 ΒΘΕΖ
675 738 785 794 κῶνον
808 729 1007 794 διπλασίονα
1032 733 1132 810 λόγον

121 840 186 921 ἔχει
212 837 294 922 ἥπερ
322 834 342 919 ἡ
367 838 427 900 ΓΛ
454 837 537 921 πρὸς
560 840 638 918 ΕΖ,
666 833 837 899 τουτέστιν
863 837 945 921 ἥπερ
971 837 1009 900 τὸ
1034 841 1130 900 ΑΓΛ

120 947 285 1028 τρίγωνον
311 944 395 1029 πρὸς
421 943 458 1007 τὸ
484 947 582 1006 ΒΕΖ
610 945 787 1028 τρίγωνον·
816 942 895 1028 ὅπερ
923 942 991 1007 ἔδει
1020 941 1130 1020 δεῖξαι.

595 1134 655 1218 ἔν’·

186 1260 262 1327 Ἐδιν
285 1259 385 1348 ὀρθοὶ
407 1272 509 1325 κῶνοι
531 1261 614 1345 πρὸς
632 1258 795 1343 ἀλλήλους
814 1262 1014 1326 διπλασίονα
1033 1265 1132 1344 λόγον

70 1383 104 1430 10
123 1372 242 1453 ἔχωσιν
274 1369 356 1453 ἤπερ
389 1367 429 1432 τδι
457 1360 513 1431 διὰ
540 1376 608 1431 τῶν
636 1364 763 1444 ἀξόνων
790 1371 950 1452 τρίγωνα,
985 1370 1132 1446 ἰσοϋψεῖς

122 1479 253 1540 ἔσονται
276 1476 311 1538 oc
330 1486 441 1539 κῶνοι.

188 1581 517 1667 καταγεγράφθωσαν
558 1581 593 1645 οί
629 1589 745 1662 κῶνοι,
786 1577 841 1644 καὶ
880 1579 1074 1645 ὑποκείσθω
1114 1581 1130 1645 ὁ

121 1691 262 1752 ΑΗΓΔ
294 1697 400 1764 κῶνος
431 1687 515 1773 πρὸς
546 1688 605 1753 τὸν
638 1691 770 1750 ΒΘΕΖ
802 1687 1001 1751 διπλασίονα
1034 1690 1132 1770 λόγον

124 1797 211 1878 ἔχειν
228 1795 311 1877 ἢπερ
330 1795 367 1859 τὸ
386 1797 486 1859 ΑΓΔ
504 1797 667 1880 τρίγωνον
685 1794 768 1878 πρὸς
786 1795 823 1858 τὸ
843 1798 940 1858 ΒΕΖ
959 1797 1131 1878 τρίγωνον.

73 1913 105 1961 15
125 1899 224 1984 λέγω,
248 1901 298 1966 ὅτι
320 1900 341 1983 ἡ
365 1904 441 1964 ΑΗ
461 1907 514 1982 ίση
538 1898 607 1964 ἐστὶ
629 1909 669 1984 τῇ
693 1904 765 1965 ΕΘ.

189 2010 312 2072 κείσθω
336 2016 382 2094 τῷ
402 2011 499 2071 ΒΕΖ
522 2007 672 2094 τριγώνῳ
698 2012 771 2070 ίσον
789 2008 826 2071 τὸ
843 2010 942 2071 ΚΓΔ
960 2012 1132 2092 τρίγωνον.

123 2110 192 2176 ἐπεὶ
225 2109 286 2178 οὖν
318 2114 336 2179 6
363 2117 504 2178 ΛΗΓΔ
533 2123 639 2191 κῶνος
668 2115 751 2197 πρὸς
777 2115 836 2178 τὸν
864 2118 997 2178 ΒΘΕΖ
1025 2126 1135 2179 κῶνον

124 2218 321 2283 διπλασίονα
348 2222 450 2302 λόγον
477 2223 542 2303 ἔχει
569 2220 651 2304 ἢπερ
680 2220 716 2283 τὸ
740 2223 839 2284 ΑΓΛ
863 2223 1030 2305 τρίγωνον
1053 2222 1136 2305 πρὸς

123 2324 160 2388 τὸ
176 2328 288 2407 ΒΕΖ,
308 2330 383 2389 λ’σον
396 2321 433 2389 δὲ
446 2325 483 2389 τὸ
498 2328 596 2388 ΒΕΖ
615 2327 779 2410 τρίγωνον
797 2334 842 2412 τῷ
856 2327 955 2389 ΚΓΛ
970 2328 1134 2413 τριγώνῳ,

71 2444 105 2493 νο
124 2430 141 2495 6
166 2432 230 2517 ἄρα
251 2434 391 2496 ΑΗΓΔ
414 2441 520 2507 κῶνος
541 2432 625 2516 πρὸς
647 2432 706 2494 τὸν
729 2434 862 2495 ΒΘΕΖ
885 2444 994 2497 κῶνον
1017 2433 1133 2497 διπλα-

124 2542 221 2603 σίονα
252 2540 354 2622 λύκον
385 2540 451 2621 ἔχει
482 2538 565 2623 ἢπερ
596 2537 633 2601 τὸ
662 2542 694 2600 A
700 2539 760 2601 ΓΔ
792 2540 956 2622 τρίγωνον
986 2540 1072 2623 πρὸς
1099 2540 1134 2602 τὸ

124 2645 159 2706 Κ
163 2647 224 2707 ΓΔ
256 2647 434 2729 τρίγωνον,
466 2641 637 2709 τουτέστιν
667 2644 749 2728 ἢπερ
782 2640 802 2725 ἡ
834 2647 909 2707 ΑΗ
938 2645 1021 2728 πρὸς
1054 2648 1137 2727 ΗΚ,

124 2747 295 2814 τουτέστιν
326 2750 407 2835 ἤπερ
441 2748 458 2814 ὁ
486 2751 626 2813 ΑΗΓΔ
656 2759 763 2824 κῶνος
794 2750 877 2835 πρὸς
908 2750 967 2813 τὸν
994 2752 1073 2814 ΚΗ
1076 2755 1134 2815 ΓΛ

124 2865 246 2919 κῶνον·
279 2854 324 2931 ὡς
351 2856 415 2940 ἄρα
442 2854 460 2919 6
488 2857 628 2919 ΑΗΓΔ
654 2856 736 2941 πρὸς
763 2855 822 2919 τὸν
849 2858 988 2919 ΚΗΓΔ
1015 2867 1136 2938 κῶνον,

72 2977 105 3025 25
126 2961 231 3038 οὕτως
262 2961 279 3026 6
312 2964 452 3026 ΚΗΓΔ
482 2963 564 3048 πρὸς
596 2962 655 3026 τὸν
687 2965 829 3026 ΒΘΕΖ.
879 2959 935 3025 καὶ
967 2959 1037 3026 ἐπεὶ
1070 2974 1137 3026 τῶν

196 3161 221 3211 2.
242 3155 310 3227 EZ]
329 3173 360 3222 v,
383 3152 436 3223 τὴν
453 3156 507 3207 ΕΖ
529 3153 586 3277 VF.
660 3157 683 3207 ⁷.
708 3155 805 3226 ΒΕΖ]
830 3156 911 3207 ΕΒΖ
930 3154 963 3209 V.
1037 3158 1135 3225 τρίγω-

125 3247 177 3282 νον
192 3227 283 3362 (amq
300 3243 353 3317 qm.
371 3243 398 3294 p.
416 3295 424 3315 I
472 3222 539 3292 ὅπερ
573 3226 618 3278 δει
627 3223 738 3305 δεῖξαι]
756 3243 787 3294 v,
811 3241 864 3280 om.
884 3224 941 3294 Vp.
1033 3231 1059 3280 8.
1079 3227 1135 3297 gy]

126 3314 179 3352 om.
193 3297 250 3366 Vv,
285 3317 304 3350 α
330 3315 358 3366 p,
377 3296 411 3367 ξβ
438 3314 474 3350 m.
492 3311 546 3350 τοο.
560 3294 587 3349 V
604 3295 658 3349 b1s.
731 3300 772 3350 14.
791 3298 927 3365 τρίγωνον
937 3295 1021 3367 (alt.)]
1041 3314 1095 3352 om.
1110 3316 1137 3366 p.

163 3374 203 3423 16.
223 3368 371 3496 τρίγωνονὲ
391 3384 443 3422 om.
458 3385 485 3436 p.
542 3370 582 3420 18.
602 3363 750 3437 τρίγωνον]
770 3383 823 3421 om.
835 3386 862 3436 p.
926 3371 967 3420 19.
986 3365 1138 3439 τρίγωνον]

121 3456 173 3494 0111.
190 3457 221 3510 p.
285 3458 347 3512 τριν
370 3439 423 3515 νῳ]
443 3455 496 3494 om.
514 3455 543 3509 p.
614 3442 659 3492 λλ.
676 3433 830 3507 τοίγωυουλ
843 3455 897 3493 om.
915 3456 942 3505 p.
1017 3445 1061 3493 22.
1081 3442 1139 3506 τρί-

75 3512 76 3515 ’
106 3512 222 3585 γωνον]
230 3528 287 3569 0111.
296 3531 325 3585 p.
386 3511 577 3586 23.KHI'A]
591 3507 763 3565 ΚΗΔΓἾ.
809 3510 1151 3576 Ἃαῶυονᾏὶᾞῖὓῦδῆδ
