2430 3854
131 158 173 222 74
400 159 487 211 ΠΕΡΙ
505 157 718 210 ΚΤΛΙΝΔΡΟΤ
737 157 873 209 ΤΟΜΗΣ.

129 305 213 389 πρὸς
240 304 276 367 τὸ
301 302 364 367 ἀπὸ
387 310 446 386 τής
468 306 630 384 συζυγοῦς
653 298 846 387 διαμέτρου,
874 298 955 386 φέρε
977 309 1035 383 τῆς
1058 304 1144 364 Σίλ·

130 411 174 486 ὡς
197 411 261 494 ἀρα
283 411 320 474 τὸ
345 409 408 474 ἀπὸ
431 418 489 491 τῆς
513 409 577 483 ΟΞ
596 409 679 493 πρὸς
701 409 738 471 τὸ
762 407 825 472 ἀπὸ
849 415 907 489 τῆς
928 411 1014 489 ΦΨ,
1038 407 1145 483 οὕτως

128 519 165 582 τὸ
189 516 252 581 ἀπὸ
275 525 333 599 τῆς
356 520 430 581 ΝΤ
448 516 531 601 πρὸς
553 516 590 579 τὸ
614 514 678 579 ἀπὸ
702 523 759 598 τής
778 517 857 578 Σίλ.
883 510 949 577 ’καὶ
972 513 1017 590 ὡς
1040 514 1060 597 ή
1083 513 1148 586 ΟΞ

129 627 193 710 ἀρα
216 624 298 708 πρὸς
315 623 377 705 τήν
398 626 473 686 ΦΨ
488 625 611 704 συζυνή
630 621 817 706 διάμετρον,
840 620 946 696 οὕτως
964 618 1020 684 καὶ
1039 620 1059 704 ή
1079 625 1150 686 ΝΤ

95 743 110 791 5
129 732 212 817 πρὸς
235 730 295 813 τήν
314 732 384 793 Σίδ
403 731 526 811 συζυνή
546 727 733 813 διάμετρον.
748 749 754 759 ··
770 727 820 792 ὅτι
840 723 876 790 δέ
894 724 950 791 καὶ
968 728 1051 812 πρὸς
1072 733 1146 804 ίσας

43 819 44 822 ¹
127 841 251 921 γωνίας
277 834 454 919 τέμνουσιν
481 835 502 916 ή
529 857 564 898 τε
592 833 657 908 ΟΞ
680 835 741 917 τήν
766 837 845 897 ΦΨ
866 830 922 897 καὶ
945 833 964 916 ἡ
988 837 1064 898 ΝΤ
1083 836 1145 918 τήν

127 947 213 1027 Σίλ,
240 944 355 1026 δῆλον·
388 942 447 1017 τὰς
473 941 538 1025 γὰρ
571 944 658 1013 ΨΦ,
682 943 755 1004 ΩΣ
780 941 1013 1025 παραλλήλους
1041 941 1145 1017 ούσας

127 1049 283 1133 ἀλλήλαις
309 1071 344 1112 τε
371 1045 426 1112 καὶ
449 1057 488 1133 τῇ
512 1046 624 1130 ΜΡή
648 1051 724 1111 Mo
746 1044 864 1129 τέμνει.
909 1044 929 1128 ή
953 1047 1018 1132 ἀρα
1042 1046 1147 1121 oo&

125 1158 208 1240 τομή
232 1164 271 1240 τή
295 1159 334 1220 N
335 1159 369 1217 Σ
376 1158 407 1217 Τ
424 1162 506 1238 τομή
530 1153 627 1236 ὁμοία
651 1151 727 1217 ἐστί.
764 1150 820 1216 καὶ
843 1154 904 1217 οὔκ
927 1151 996 1217 ἐστι
1020 1154 1143 1230 κύκλος

75 1277 108 1326 10
127 1259 284 1347 οὐδετέρα
308 1260 418 1325 αὐτῶν
437 1260 493 1323 διδι
512 1261 549 1324 τὸ
568 1261 611 1343 μή
631 1259 834 1324 ὑπεναντίαν
852 1254 938 1324 εἶναι
956 1261 1019 1342 τήν
1037 1262 1143 1344 τομήν

125 1378 184 1451 τῆς
205 1369 270 1432 ὑπὸ
294 1377 361 1431 τῶν
383 1371 466 1449 ΑΒ,
490 1371 552 1431 ΒΖ
576 1369 708 1449 γωνίας,
731 1363 880 1430 τουτέστι
903 1374 961 1448 τῆς
983 1366 1050 1431 ὑπὸ
1075 1379 1143 1432 τῶν

125 1477 200 1557 ΒΤ,
220 1477 294 1557 ΤΝ,
313 1472 432 1537 ἀνίσου
451 1473 553 1554 οὔσης
570 1482 610 1557 τῇ
628 1472 693 1537 ὑπὸ
717 1482 785 1536 τῶν
802 1476 875 1556 ΒΓ,
892 1476 964 1537 ΓΛ.
998 1475 1143 1551 ἔλλειψις

126 1582 189 1665 ἀρα
213 1577 303 1644 ἐστὶν
326 1577 461 1664 ἑκατέρα
484 1589 551 1643 τῶν
576 1577 686 1662 ΟΦΞ,
703 1582 743 1643 Ν
748 1583 813 1642 ΤΣ
832 1589 953 1663 τομῶν,
976 1584 1035 1644 καί
1057 1584 1142 1646 εἰσιν

126 1687 237 1771 ὅμοιαι
260 1685 429 1768 ἀλλήλαις·
453 1685 532 1770 ὅπερ
556 1686 623 1750 ἔδει
646 1683 761 1762 δεῖξαι.

74 1897 106 1945 15
600 1883 641 1945 κδ
646 1880 664 1945 ’.

190 2010 384 2093 Κυλίνδρου
426 2003 586 2081 δοθέντος
628 2005 738 2092 εὑρεῖν
779 2017 889 2072 κῶνον
930 2004 985 2070 καὶ
1027 2020 1138 2093 τεμεῖν

123 2113 330 2201 ἀμφοτέρους
362 2111 411 2178 ἐνὶ
444 2111 585 2199 ἐπιπέδῳ
618 2121 771 2177 ποιοῦντι
803 2112 859 2175 διά
888 2122 947 2194 τῆς
972 2123 1076 2197 τομῆς
1103 2114 1138 2179 ἐν

123 2219 263 2308 ἑκατέρω
286 2221 402 2305 ὁμοίας
425 2218 592 2295 ἐλλείψεις.

162 2332 164 2336 ”
190 2328 343 2392 δεδόσθω
366 2327 560 2411 κύλινδρος,
583 2321 624 2390 οὗ
646 2324 743 2408 βάσις
765 2320 827 2407 μὲν
849 2325 867 2391 δ
886 2332 918 2390 Α
941 2327 1077 2411 κύκλος,
1101 2328 1136 2391 τὸ

71 2446 106 2495 20
125 2433 161 2500 δέ
194 2435 249 2499 διδι
281 2443 340 2499 τοῦ
373 2432 490 2511 ἀξονος
520 2435 864 2518 παραλληλόγραμμον
896 2433 933 2497 τὸ
961 2438 1030 2497 ΒΓ
1056 2436 1138 2517 πρὸς

124 2542 230 2627 ὀρθάς
257 2540 297 2605 δν
324 2549 363 2626 τῇ
391 2540 499 2622 βάσει,
532 2536 587 2603 καὶ
614 2537 825 2622 ἐκβεβλήσθω
853 2540 873 2623 ή
902 2544 981 2622 ΒΑ,
1013 2550 1075 2605 τοῦ
1103 2538 1138 2604 δέ

124 2646 323 2731 ζητουμένου
358 2647 468 2710 κώνου
500 2644 597 2728 βάσις
626 2647 707 2710 ἔστω
739 2645 813 2726 ήτοι
847 2645 865 2710 ὁ
898 2652 930 2710 Α
962 2649 1085 2724 κύκλος
1117 2646 1136 2730 ή

123 2751 178 2817 καί
205 2755 304 2828 ἀλλος
330 2775 380 2828 τις
408 2751 444 2815 ἐν
471 2761 516 2839 τῷ
543 2752 632 2839 αὐτῷ
661 2750 802 2838 ἐπιπέδῳ
826 2761 872 2840 τῷ
895 2758 942 2836 Α,
966 2746 1040 2818 οἷον
1063 2751 1136 2836 περὶ

122 2861 184 2943 τήν
212 2863 275 2922 ΕΖ
303 2858 494 2944 διάμετρον,
523 2856 575 2942 ἐφ’
606 2853 645 2940 ής
671 2857 810 2944 κέντρον
837 2860 874 2923 τὸ
898 2865 946 2942 Δ,
974 2857 1030 2923 καὶ
1054 2866 1135 2944 ληφ-

71 2976 103 3024 25
122 2963 242 3042 θέντος
265 2967 401 3048 σημείου
424 2968 581 3049 τυχόντος
604 2963 656 3029 ἐπὶ
679 2973 737 3047 τῆς
757 2969 829 3029 ΖΗ
846 2974 906 3029 τοῦ
925 2968 965 3029 Η
983 2969 1134 3051 εἰλήφθω

135 3234 136 3238 ,
194 3199 218 3246 1.
238 3191 318 3265 φέρε]
339 3210 391 3247 om.
410 3211 438 3261 p.
503 3199 526 3246 2.
549 3194 618 3263 ΟΞ]
639 3181 751 3287 meo-2}
769 3187 896 3262 wgo.
952 3195 1023 3266 ΦΨ]
1041 3197 1100 3248 ΦΧ
1108 3212 1133 3262 p.

157 3305 181 3354 4.
205 3302 275 3370 ΦΨ]
295 3303 351 3354 ΧΦ
368 3318 395 3368 p.
460 3297 546 3360 οὕτως
565 3296 628 3369 καί]
649 3316 701 3353 om.
721 3318 748 3368 p.
814 3306 838 3354 6.
859 3302 930 3372 ΦΨ]
952 3303 1010 3354 ΦΧ
1023 3318 1051 3370 p.
1112 3305 1133 3354 7.

128 3375 191 3439 ΨΦ,
210 3373 283 3442 αΣ]
305 3375 366 3440 ΦΧ,
383 3373 439 3425 Σο
456 3389 484 3439 p.
548 3374 572 3423 ε.
592 3372 667 3441 Mo]
689 3373 794 3440 oMp.
860 3377 901 3426 11.
921 3380 976 3426 ιω
996 3377 1059 3441 ΑΒ,
1074 3371 1133 3442 ει]

120 3446 243 3511 ABZp.
298 3447 430 3509 τῶνΒΤ,
448 3443 521 3512 ΤΝ]
542 3444 635 3494 ΒΤΝ
649 3460 676 3510 p.
732 3448 773 3496 12.
793 3451 849 3498 τῶν
865 3446 924 3511 ΒΓ,
940 3445 1001 3514 ΓΔ]
1017 3448 1134 3510 ΒΓΔΡ.

144 3518 187 3565 13,
209 3516 251 3566 Ν
253 3515 326 3586 ΤΣ]
343 3517 442 3569 ΝΣΤ
454 3532 482 3585 p.
575 3517 618 3568 14.
643 3511 710 3581 ὅπερ
731 3511 788 3567 ἔδει
806 3514 908 3586 δεῖξαι]
928 3530 982 3570 om.
1001 3532 1028 3583 p.
1070 3514 1074 3519 ’
