2430 3854
126 188 187 252 138
437 191 523 240 ΠΕΡΙ
541 189 669 240 ΚΩΝΟΤ
686 190 822 242 ΤΟΜΗΣ.

123 335 160 398 τὸ
189 337 299 403 ΑΗΔ
331 335 395 418 ἄρα
426 334 510 418 πρὸς
538 334 575 398 τὸ
604 337 710 397 ΑΒΔ
741 331 778 397 έν
805 341 850 420 τῷ
879 329 1017 397 δοθέντι
1045 334 1135 418 λόγῳ

124 440 222 506 ἐστίν.
268 439 326 505 ἐὰν
349 436 411 506 οὖν
438 438 475 505 ἐν
497 449 537 525 τῇ
560 439 655 523 βάσει
682 447 742 503 τοῦ
765 439 875 505 κώνου
900 437 1137 524 ἐναρμόσωμεν

124 548 245 629 διπλῆν
272 556 330 630 τῆς
352 551 426 612 ΗΔ
452 543 508 610 καλ
536 546 591 610 διά
619 554 677 628 τῆς
704 543 965 630 ἐναρμοσθείσης
993 543 1049 608 καὶ
1076 554 1136 628 τῆς

122 662 272 738 κορυφῆς
299 662 359 717 τοῦ
386 653 497 718 κώνου
524 653 561 718 τὸ
590 652 745 718 ἐπίπεδον
768 652 971 736 ἐκβάλωμεν,
1003 653 1136 734 ποιήσει

88 763 288 845 στρίγωνον
314 758 351 824 έν
373 768 420 847 τῷ
442 760 538 847 κώνῳ
566 758 742 831 διπλάσιον
769 767 829 823 τοῦ
853 761 974 823 ΑΗΔ.
1020 759 1136 842 σχήσει

123 867 187 951 ἄρα
215 866 252 930 τὸ
280 865 521 950 συνιστάμενον
544 869 709 951 τρίγωνον
731 866 814 950 πρὸς
836 866 873 930 τὸ
897 870 929 929 Α
936 869 996 930 ΓΔ
1023 867 1137 947 λόγον,

123 970 163 1036 ὃν
176 973 213 1036 τὸ
228 975 338 1036 ΑΗΔ
356 967 421 1056 ἔχει
435 973 518 1058 πρὸς
531 976 645 1054 ΑΒΔ,
663 970 833 1037 τουτέστιν
851 970 891 1036 ὃν
908 970 929 1054 ἡ
944 976 979 1035 K
994 973 1078 1057 πρὸς
1096 975 1136 1035 Λ.

611 1192 645 1231 ι.

189 1290 264 1357 Ἐάν
282 1304 389 1369 κῶνος
407 1293 512 1379 ὀρθὸς
530 1293 585 1358 διά
604 1303 662 1377 τῆς
674 1302 825 1380 κορυφῆς
843 1290 1010 1367 ἐπιπέδοις
1023 1297 1136 1376 τμηθῇ

72 1415 106 1464 10
124 1407 170 1484 τῷ
194 1394 254 1481 μὲν
277 1399 333 1464 διά
355 1407 416 1464 τοῦ
435 1396 562 1482 ἄξονος,
585 1411 655 1476 τοῖς
673 1396 709 1464 δὲ
729 1398 820 1475 ἐκτὸς
838 1407 898 1463 τοῦ
917 1395 1045 1481 ἄξονος,
1068 1408 1136 1462 τῶν

125 1499 161 1567 δὲ
189 1503 376 1588 γενομένων
404 1507 577 1591 τριγώνων
604 1505 695 1581 ἐκτὸς
722 1513 782 1568 τοῦ
811 1502 927 1581 ἄξονος
955 1504 992 1568 ’έν
1020 1504 1136 1569 ὁτιοῦν

125 1615 200 1673 ι’σον
222 1603 244 1695 ᾖ
264 1619 309 1698 τῷ
330 1611 386 1674 διά
404 1620 464 1675 τοῦ
482 1609 600 1690 ἄξονος
617 1612 779 1698 τριγώνῳ,
803 1611 820 1676 ὁ
839 1619 899 1674 τοῦ
917 1611 1028 1675 κώνου
1048 1608 1136 1687 ἄξων

125 1713 269 1781 ἐλάττων
292 1719 383 1782 έσται
405 1726 463 1801 τῆς
486 1717 521 1782 έκ
543 1727 604 1782 τοῦ
626 1717 766 1803 κέντρου
788 1725 846 1801 τῆς
868 1716 1003 1800 βάσεως.

190 1821 373 1906 τμηθέντος
404 1823 468 1909 γάρ
500 1833 559 1888 τοῦ
591 1824 701 1888 κώνου
730 1821 877 1906 γενέσθω
905 1826 1051 1908 τρίγωνα
1080 1824 1137 1887 διὰ

73 1947 106 1996 15
125 1925 186 2013 μὲν
208 1938 268 1994 τοῦ
291 1928 409 2009 ἄξονος
430 1932 468 1997 τὸ
491 1934 605 2014 ΑΓΔ,
634 1929 726 2007 έκτὸς
748 1926 785 1994 δὲ
808 1931 845 1995 τὸ
868 1934 969 1995 ΑΕΖ
998 1935 1073 1995 ἴσον
1097 1929 1136 1993 ὂν

124 2046 169 2123 τρῖ
194 2043 226 2101 Α
232 2040 302 2120 ΓΔ,
326 2040 408 2102 ἔστω
427 2033 464 2102 δὲ
482 2037 692 2122 παράλληλος
710 2036 730 2120 ἡ
749 2041 812 2101 ΕΖ
835 2048 875 2122 τῇ
895 2040 955 2101 ΓΔ
978 2033 1033 2112 καὶ
1052 2036 1136 2101 κάθ-

124 2166 192 2230 ετοι
227 2145 264 2208 αἱ
295 2148 376 2228 ΑΒ,
400 2146 486 2228 ΑΗ,
521 2140 577 2208 καλ
607 2141 856 2226 ἐπεζεύχθωσαν
890 2144 927 2207 αἱ
956 2147 1034 2225 ΒΕ,
1057 2146 1135 2207 ΒΗ.

125 2247 208 2331 λέγω
232 2251 289 2335 δή,
313 2251 363 2316 ὅτι
386 2250 406 2333 ἡ
426 2255 492 2315 ΑΒ
516 2249 534 2316 ὁ
557 2246 646 2327 ἄξων
668 2236 817 2314 ἐλάσσων
840 2248 909 2314 ἐστὶ
932 2258 989 2332 τῆς
1009 2253 1078 2313 ΒΔ
1101 2248 1136 2313 ἐκ

123 2364 183 2420 τοῦ
206 2354 354 2442 κέντρου.

70 2477 106 2527 20
191 2460 259 2527 ἐπεὶ
287 2462 324 2527 τὸ
348 2467 450 2527 ΑΕΖ
477 2465 643 2547 τρίγωνον
671 2468 745 2527 ἴσον
773 2459 841 2526 ἐστὶ
868 2471 914 2548 τῷ
938 2467 970 2524 Α
976 2464 1051 2545 ΓΛ,
1081 2460 1136 2526 καὶ

123 2570 163 2633 τά
186 2569 343 2635 διπλάσια
366 2571 441 2654 ἄρα,
464 2568 613 2634 τουτέστι
635 2570 673 2633 τὸ
695 2567 761 2633 ὑπὸ
784 2580 851 2633 τῶν
872 2573 946 2651 ΕΖ,
964 2572 1037 2633 ΗΑ
1062 2574 1136 2633 ἴσον

123 2673 192 2740 ἐστὶ
215 2684 260 2762 τῷ
284 2676 349 2740 ὑπὸ
369 2678 441 2758 ΓΔ,
460 2680 539 2740 ΒΑ·
564 2677 608 2752 ώς
630 2677 695 2761 ἄρα
717 2674 737 2757 ἡ
758 2678 818 2739 ΓΔ
840 2675 924 2759 πρὸς
942 2679 973 2738 Ε
979 2678 1016 2757 Ζ,
1040 2698 1135 2738 τουτ-

124 2780 215 2846 έστιν
241 2781 261 2863 ἡ
291 2785 351 2846 ΓΒ
382 2783 466 2867 πρὸς
493 2783 576 2865 ΕΗ,
609 2781 779 2847 τουτέστιν
806 2780 826 2863 ἡ
850 2785 916 2844 ΒΕ
944 2783 1027 2865 πρὸς
1055 2785 1136 2864 ΕΗ,

124 2888 230 2963 οὕτως
257 2888 277 2971 ἡ
305 2889 378 2951 ΗΑ
405 2888 488 2973 πρὸς
515 2893 590 2952 ΑΒ.
646 2885 715 2952 έπελ
742 2884 804 2952 οὖν
832 2887 893 2952 δύο
922 2890 1069 2972 τρίγωνα
1096 2889 1137 2986 τά

72 3010 107 3059 26
126 2999 244 3078 BEH,
263 2996 368 3058 ΗΑΒ
391 2997 472 3078 μίαν
495 2998 620 3076 γωνίαν
648 2996 708 3078 τὴν
731 2993 796 3059 ὑπὸ
820 2998 922 3058 ΕΗΒ
946 3003 1006 3079 μιᾷ
1029 2997 1136 3080 γωνίᾳ

194 3196 219 3244 4.
239 3187 410 3259 ἐκβάλωμεν]
430 3203 481 3257 cp,
505 3184 680 3258 ἐκβάλλωμεν
699 3185 754 3240 Vv,
832 3191 856 3239 ὅ.
876 3186 979 3255 ΑΗΔ]
998 3202 1030 3253 p,
1054 3190 1137 3238 ΑΒΔ

123 3260 176 3314 Vc.
232 3267 256 3315 6.
276 3257 423 3330 τρίγωνον]
442 3253 578 3328 τρίγωνον
596 3256 627 3310 τὸ
646 3253 795 3311 διπλάσιον
812 3264 862 3310 τοῦ
879 3259 966 3325 ΑΗΔ
983 3273 1010 3324 p.
1066 3256 1138 3323 πρὸς

123 3332 154 3386 τὸ
173 3333 267 3403 ΑΓΔ]
286 3347 371 3400 supra
390 3346 440 3383 scr.
459 3347 486 3398 p.
574 3335 597 3383 7.
617 3327 687 3395 πρός
701 3327 788 3398 (alm
808 3344 861 3382 om.
881 3345 904 3381 ο.
992 3333 1033 3381 12.
1053 3320 1090 3449 ἦρ
1108 3345 1137 3396 p,

124 3403 181 3457 ἐστι
196 3402 250 3472 Vn,
271 3401 336 3456 έστω
354 3399 464 3468 Halley.
538 3405 580 3454 13.
600 3397 732 3470 ἐλάττων]
751 3396 873 3453 ἐλάσσων
892 3415 915 3453 ο.
987 3405 1036 3466 τῆς
1051 3399 1136 3468 (at.)]

118 3489 170 3525 0111,
193 3490 213 3526 0.
278 3471 356 3527 18,ὁ
387 3467 529 3527 τουτέστιν
548 3470 563 3526 ὁ
581 3488 609 3541 p.
665 3469 710 3542 ἐκ]
726 3477 775 3539 τῆς
791 3469 821 3524 ἐκ
839 3488 866 3538 p.
927 3475 968 3522 20.
989 3467 1062 3539 ἐπεί]
1081 3468 1137 3537 Vc,

101 3539 168 3590 ἐπεὶ
186 3537 242 3594 σάν
255 3560 286 3611 p,
358 3545 522 3618 oov]vcp;
542 3535 951 3614 0m.V‚mg.m.1·l·1eov.
999 3545 1141 3590 ςλὶτουτ-
