2430 3854
127 147 190 210 154
438 150 525 200 Πεετ
542 148 671 201 τουτου
688 150 824 202 τουτου.

125 293 250 380 κύκλῳ,
274 293 356 357 ἔστω
379 294 462 378 πρὸς
484 293 590 379 ὀρθὰς
613 293 701 381 αὐτῷ
726 293 746 377 ἡ
769 299 801 357 Α
809 297 850 356 Θ·
876 292 896 376 ἡ
920 300 952 358 Α
960 298 988 357 Θ
1011 295 1076 379 ἄρα
1100 294 1136 359 έν

125 418 171 496 τῷ
189 417 250 472 τοῦ
264 412 363 473 ΑΓΛ
382 407 471 473 ἐστιν
491 407 632 496 ἐπιπέδῳ
651 407 706 474 καὶ
724 421 869 474 πεσεῖται
889 407 941 473 ἐπὶ
960 411 1021 493 τὴν
1037 414 1136 475 ΓΒΛ

127 523 354 607 ἐκβληθεῖσαν.
396 522 466 590 ἐπεὶ
488 520 551 590 οὖν
573 528 692 610 μείζων
714 524 734 608 ἡ
760 529 823 590 ΓΘ
845 533 903 608 τῆς
924 528 995 608 ΘΔ,
1016 524 1072 590 καὶ
1096 528 1133 590 τὸ

128 639 191 706 ἀπὸ
211 643 274 705 ΓΘ
296 642 360 725 ἄρα
383 649 443 705 τοῦ
467 640 530 705 ἀπὸ
552 645 613 705 ΘΛ
635 645 754 725 μεῖζον.
791 641 906 705 κοινὸν
924 645 1135 724 προσκείσθω

91 756 164 821 ὀτὸ
188 755 251 820 ἀπὸ
277 760 350 820 ΘΑ·
377 757 418 820 τδι
440 758 504 842 ἄρα
526 756 591 823 ίιπὸ
615 760 693 841 ΓΘ,
715 761 775 821 ΘΑ
798 767 865 820 τῶν
889 755 952 821 ίιπὸ
975 761 1008 820 Δ
1016 761 1053 840 Θ,
1076 762 1137 822 ΘΑ

126 869 257 956 μείζονοί
284 870 367 955 έστι,
400 871 548 936 τουτέστι
580 874 617 938 τὸ
649 870 713 937 ιἰπὸ
742 874 803 935 ΓΑ
834 872 944 954 μεῖζόν
972 871 1041 936 ἐστι
1074 883 1136 937 τοῦ

127 985 190 1052 ἀπὸ
214 992 291 1052 ΑΛ.
337 991 455 1072 μείζων
478 990 541 1073 ἄρα
564 987 584 1070 ἡ
608 992 678 1053 ΑΓ
695 997 753 1072 τῆς
776 995 854 1053 ΛΔ.

193 1100 277 1184 λέγω
303 1103 355 1185 δή,
379 1103 429 1168 ὅτι
447 1103 467 1187 ἡ
487 1109 519 1167 Α
525 1106 557 1167 Γ
574 1101 629 1168 καὶ
647 1115 763 1168 πασῶν
782 1103 892 1180 ἁπλῶς
911 1109 1046 1189 μεγίστη
1066 1104 1136 1169 ἐστὶ

127 1227 195 1282 τῶν
218 1216 280 1282 ἀπὸ
303 1226 361 1301 τῆς
379 1228 529 1303 κορυφῆς
552 1217 605 1284 έπὶ
623 1221 683 1303 τὴν
701 1219 914 1305 περιφέρειαν
932 1229 989 1304 τῆς
1007 1220 1136 1305 βάσεως

73 1344 110 1393 10
129 1330 299 1416 ἀγομένων
322 1333 474 1417 εὐθειῶν,
498 1334 518 1417 ἡ
542 1331 579 1398 δὲ
602 1340 671 1399 ΑΛ
695 1335 854 1419 ἐλαχίστη.

190 1448 350 1530 ἤχθωσαν
373 1449 435 1534 γδιρ
460 1450 498 1513 αί
520 1454 596 1533 ΘΕ,
623 1454 699 1534 ΘΖ,
725 1455 800 1516 ΘΗ.
849 1450 918 1516 ἐπεὶ
941 1447 1002 1517 οὖν
1025 1450 1045 1534 ἡ
1072 1455 1138 1516 ΓΘ

38 1616 45 1628 .
126 1566 260 1647 μεγίστη
289 1562 356 1628 ἐστὶ
383 1576 499 1629 πασῶν
530 1575 598 1630 τῶν
631 1565 694 1631 ιἰπὸ
722 1575 781 1631 τοῦ
812 1571 840 1631 Θ
872 1565 925 1632 έπλ
957 1568 1017 1650 τὴν
1044 1589 1136 1652 περι-

126 1678 263 1765 φέρειαν
285 1692 579 1765 προσπιπτουσῶν,
601 1679 656 1746 καὶ
679 1683 716 1747 τὸ
741 1681 804 1748 ἀπὸ
827 1692 885 1766 της
910 1686 976 1747 ΘΓ
994 1684 1059 1766 ἄρα
1082 1681 1137 1766 μέ-

127 1798 242 1877 γιστόν
274 1795 343 1862 ε’στι
374 1807 442 1861 τῶν
471 1796 535 1862 ἀπὸ
565 1801 641 1880 ΘΕ,
672 1801 748 1882 ΘΖ,
778 1801 860 1880 ΘΗ,
891 1802 966 1862 ΘΔ.
1020 1800 1137 1863 κοινὸν

72 1921 107 1971 15
126 1915 337 1997 προσκείσθω
365 1913 402 1977 τὸ
432 1911 495 1978 ἀπὸ
526 1917 600 1977 ΘΑ·
632 1913 669 1977 τὸ
697 1914 761 1998 ἄρα
790 1912 852 1978 ἀπὸ
881 1913 1136 1999 συναμφοτέρου

126 2037 184 2111 τῆς
199 2031 299 2092 ΓΘΑ
317 2031 427 2113 μεῖζόν
446 2028 537 2093 ἐστιν
555 2026 693 2093 ἕκαστον
713 2040 779 2093 τῶν
799 2028 862 2094 ἀπὸ
881 2028 1136 2113 συναμφοτέρου

126 2153 184 2228 τῆς
205 2148 319 2228 ΕΘΛ,
339 2148 449 2228 ΖΘΑ,
468 2148 585 2228 ΗΘΛ,
604 2148 724 2227 ΔΘΑ,
751 2143 900 2208 τουτέστι
922 2146 958 2209 τὸ
983 2144 1044 2208 ἀπὸ
1070 2148 1143 2209 ΑΕ

129 2257 267 2324 ἕκαστον
290 2271 358 2325 τῶν
380 2259 444 2325 ἀπὸ
464 2265 539 2344 ΑΕ,
559 2264 635 2343 ΑΖ,
654 2263 735 2343 ΑΗ,
754 2265 831 2324 ΑΛ.
868 2258 921 2323 καλ
943 2259 963 2342 ἡ
983 2263 1053 2324 ΑΓ
1071 2261 1136 2344 ἄρα

127 2379 244 2458 μείζων
263 2373 353 2440 ἐστὶν
372 2373 508 2460 έκοίστης
525 2387 592 2441 τῶν
611 2380 687 2459 ΑΕ,
707 2381 739 2439 Α
745 2379 782 2458 Ζ,
801 2379 882 2456 ΑΗ,
901 2381 978 2439 ΑΔ.
1014 2375 1135 2458 ὁμοίως

74 2501 109 2550 20
128 2491 310 2575 δείκνυται,
343 2493 394 2557 ὅτι
424 2489 479 2557 καὶ
511 2502 578 2557 τῶν
608 2493 731 2556 ἄλλων·
768 2493 902 2573 μεγίστη
930 2492 994 2574 ἄρα
1021 2489 1040 2572 ἡ
1070 2497 1101 2554 A
1108 2495 1142 2555 Γ

127 2617 243 2671 πασῶν
261 2617 338 2691 τῶν,
357 2607 402 2683 ὡς
420 2613 557 2692 εἴρηται,
576 2603 748 2689 ἀγομένων
762 2605 904 2671 εὐθειῶν
920 2605 955 2670 ἐν
969 2615 1013 2693 τῷ
1027 2607 1134 2694 κώνῳ.

128 2722 184 2786 διδι
198 2732 266 2786 τῶν
279 2722 390 2787 αὐτῶν
404 2718 441 2786 δέ
455 2723 633 2805 δείκνυται,
648 2721 699 2786 ὅτι
711 2718 767 2785 καὶ
781 2720 801 2804 ἡ
816 2717 876 2804 μὲν
889 2727 956 2784 ΑΛ
971 2721 1134 2806 ἐλαχίστη,

125 2848 194 2902 τῶν
217 2833 254 2901 δὲ
277 2838 387 2902 ἄλλων
408 2835 429 2920 ἡ
453 2833 513 2920 μὲν
536 2841 605 2901 ΑΕ
629 2845 687 2920 της
709 2840 775 2901 ΑΖ
802 2839 935 2920 μείζων,
962 2835 982 2919 ἡ
1007 2833 1043 2901 δὲ
1067 2844 1133 2902 ΑΖ

197 3089 220 3137 2.
247 3083 342 3153 ΓΒΔ]
369 3085 417 3136 ΓΔ
435 3099 462 3150 p.
552 3087 576 3136 3.
602 3082 672 3154 ΓΘ]
698 3085 723 3137 Θ
741 3098 756 3135 ο
775 3098 843 3136 corr.
862 3101 889 3150 p.
980 3089 1005 3136 4.
1028 3086 1133 3156 μεῖζον]

126 3154 219 3223 μεῖζόν
242 3153 298 3208 ἐστι
320 3171 347 3222 p.
439 3157 463 3206 ὅ.
494 3155 563 3225 ΓΘ]
591 3161 640 3223 τῆς
664 3155 717 3209 ΓΘ
739 3171 766 3222 p.
857 3154 931 3225 ΔΘ]
954 3161 1003 3222 τῆς
1025 3158 1083 3210 ΔΘ
1106 3175 1133 3224 p.

162 3231 203 3280 11.
229 3224 298 3279 Post
322 3227 382 3280 ΘΗ
402 3223 466 3278 add.
491 3224 540 3278 καλ
563 3223 775 3295 ἐπεζεύχθωσαν
798 3224 828 3279 αἱ
851 3227 916 3292 ΑΕ,
939 3229 1003 3293 ΑΖ,
1026 3231 1086 3279 ΑΗ
1105 3246 1133 3296 p.

161 3302 203 3351 14.
222 3296 291 3367 ἀπό]
311 3295 367 3351 ἀπὸ
385 3304 441 3351 τῶν
458 3313 485 3365 p.
559 3300 601 3350 15.
619 3294 744 3368 v6(a1t.)]
762 3314 789 3364 p,
810 3311 863 3350 om.
881 3296 935 3349 Vc.
1002 3303 1043 3351 18.
1063 3304 1085 3350 Α
1092 3299 1133 3369 Ε]

125 3384 209 3437 supra
228 3367 292 3422 add.
312 3369 346 3437 -Ι-
365 3385 401 3422 m.
420 3383 474 3421 rec.
490 3365 524 3436 V,
542 3375 592 3436 τῆς
609 3370 663 3421 ΑΕ
680 3385 707 3436 p.
780 3372 822 3420 20.
842 3363 997 3438 δείκνυται]
1017 3369 1133 3438 δειχθή-

124 3455 201 3492 σεται
218 3456 245 3508 p.
328 3444 369 3494 21.
389 3435 534 3508 ἀγομένων
565 3437 622 3492 άπδ
640 3446 690 3492 τοῦ
708 3443 730 3490 Α
749 3435 895 3506 ἀγομένων
913 3457 939 3506 p.
1022 3445 1063 3493 22.
1085 3437 1132 3511 δέ]

159 3509 267 3576 ὁμοίως
279 3528 309 3580 p.
385 3511 532 3566 δείκνυται
564 3508 745 3583 δειχθήσεται
760 3527 790 3579 p.
