2430 3854
122 163 165 226 80
392 164 479 214 ΠΕΡΙ
496 162 711 214 ΚΤΛΙΝΔΡου
731 162 867 215 ΤοΜΗΣ.

190 304 258 370 ἐπεὶ
281 301 343 371 οὖν
361 315 421 370 τοῦ
444 310 517 371 ΘΗ
531 306 875 392 παραλληλογράμμου
889 303 910 386 η
926 308 998 368 ΖΗ
1008 306 1138 391 πλευρά

122 423 161 499 τῇ
188 415 254 476 ΘΓ
273 418 326 495 ἴση
351 412 455 495 ἐστίν,
484 413 503 495 ἡ
527 410 564 477 δὲ
590 415 656 476 ΘΓ
674 421 732 495 τῆς
754 415 823 476 ΒΚ
843 412 905 476 οὔκ
928 411 1019 476 ἐστιν
1045 410 1137 476 έλάτ-

122 543 199 603 των,
223 518 278 584 καὶ
300 519 320 602 ἡ
346 523 417 583 ΖΗ
436 521 500 604 άρα
522 528 580 602 τῆς
603 522 671 583 ΒΚ
691 519 752 583 οὔκ
776 518 866 584 ἐστιν
889 517 1042 583 ἐλάττων.
1080 518 1138 584 ἐὰν

122 628 187 712 άρα
212 636 258 713 τῷ
288 624 350 690 άπὸ
378 634 436 709 τῆς
458 628 535 689 ΚΗ
557 627 751 712 τετραγώνῳ
777 631 850 690 ἴσον
872 623 1138 711 παραβάλλωμεν

87 733 210 818 οπαροὶ
233 734 294 816 τὴν
317 736 386 796 ΒΚ
404 732 613 818 ὑπερβάλλον
636 733 716 796 εἴδει
739 732 944 819 τετραγώνῳ,
967 730 987 814 ἡ
1011 733 1139 816 πλευρά

65 848 68 855 '
122 847 182 903 τοῦ
205 839 455 924 ὑπερβλήματος
476 843 595 923 μείζων
618 835 678 922 μὲν
702 841 792 903 ἔσται
814 846 873 922 τῆς
890 842 967 922 ΚΖ,
992 837 1138 904 ἐλάττων

123 942 160 1009 δὲ
187 954 244 1028 τῆς
271 949 347 1009 KH
370 947 426 1009 διά
453 946 490 1009 τὸ
516 944 726 1030 προδειχθέν.
773 948 855 1010 ἔστω
883 947 1046 1029 τοίνυνὴ
1071 949 1138 1010 ΚΛ

121 1053 248 1137 πλευρὰ
270 1060 331 1116 τοῦ
353 1052 613 1138 ὑπερβληματος,
636 1050 692 1116 καὶ
714 1053 771 1116 διὰ
793 1061 854 1116 τοῦ
873 1057 905 1117 A
926 1051 1138 1139 παράλληλος

122 1159 216 1241 ἤχθω
240 1167 279 1242 τῇ
298 1162 372 1222 ΗΓ
390 1160 410 1242 ἡ
430 1163 518 1242 AM,
542 1156 597 1223 καὶ
618 1158 868 1242 ἐπεζεύχθωσαν
894 1159 931 1222 αί
951 1163 1034 1242 ΜΒ,
1051 1163 1137 1243 ΜΚ,

71 1277 104 1325 10
122 1263 177 1329 καὶ
206 1267 379 1347 νενοήσθω
407 1276 527 1349 κῶνος,
554 1261 595 1330 οὗ
621 1267 752 1351 κορυφὴ
780 1262 841 1349 μέν
867 1266 904 1330 τὸ
928 1270 972 1330 Μ
991 1279 1138 1350 σημεῖον,

124 1371 220 1454 βάσις
244 1368 281 1434 δὲ
304 1370 321 1436 ὁ
341 1378 373 1435 Α
396 1373 526 1455 κύκλος,
549 1373 585 1436 τὸ
609 1369 646 1436 δὲ
670 1373 726 1437 διὰ
749 1381 808 1435 τοῦ
832 1369 949 1449 άξονος
971 1375 1138 1458 τρίγωνον

123 1479 279 1559 δηλονότι
302 1479 339 1542 τὸ
363 1481 482 1543 ΒΚΜ.
528 1477 586 1543 ἐὰν
609 1478 651 1561 δὴ
674 1480 845 1562 νοήσωμεν
867 1476 923 1543 καὶ
945 1479 1004 1544 τὸν
1027 1491 1138 1545 κῶνον

122 1582 323 1667 τετμημένον
350 1594 394 1672 τῷ
424 1582 582 1672 ἐπιπέδῳ,
609 1583 670 1669 ὑφ’
701 1581 741 1650 οὗ
768 1584 905 1667 γέγονεν
930 1584 950 1667 ἡ
974 1590 1043 1649 EA
1067 1586 1139 1650 διά-

123 1712 240 1775 μετρος
257 1699 315 1773 τῆς
333 1700 393 1755 τοῦ
411 1693 593 1777 κυλίνδρου
613 1700 724 1776 τομῆς,
738 1694 829 1756 ἔσται
846 1689 902 1755 καὶ
921 1690 957 1755 ἐν
975 1701 1021 1779 τῷ
1040 1694 1136 1780 κώνῳ

71 1808 105 1855 15
123 1799 216 1880 τομή,
239 1791 278 1879 ἧς
301 1798 474 1884 διάμετρος
496 1797 516 1879 ἡ
540 1802 579 1863 Ν
580 1798 615 1871 Ξ.
657 1795 726 1862 ἐπεὶ
749 1793 811 1862 οὖν
834 1807 879 1885 τῳ
903 1796 966 1862 ἀπὸ
990 1806 1048 1882 τῆς
1067 1803 1143 1862 ΚΗ

122 1904 316 1991 τετραγώνῳ
350 1910 424 1968 ἴσον
455 1905 544 1989 παρά
576 1906 637 1988 τὴν
669 1907 738 1968 ΒΚ
761 1903 1006 1990 παραβέβληται
1038 1905 1138 1993 ὑπερ-

122 2010 246 2093 βάλλον
269 2020 314 2098 τῳ
339 2009 402 2075 ἀπὸ
426 2019 483 2094 τῆς
506 2015 540 2074 Κ
544 2015 575 2075 A
597 2013 806 2099 τετραγώνῳ,
834 2012 870 2075 τὸ
894 2013 959 2097 άρα
980 2011 1047 2077 ὑπὸ
1072 2024 1138 2078 τῶν

123 2120 201 2201 ΒΛ,
222 2121 292 2180 ΛΚ
311 2127 357 2205 τῷ
381 2117 444 2182 άπὸ
463 2128 521 2201 τῆς
538 2121 615 2181 ΚΗ
629 2119 822 2205 τετραγώνῳ
842 2124 916 2182 ἴσον
935 2117 1035 2184 ἐστίν.
1069 2118 1139 2185 έπεὶ

57 2311 59 2314 Α
123 2219 185 2288 οὖν
208 2225 245 2287 αἱ
265 2229 340 2310 ΑΒ,
364 2227 435 2288 ΚΓ
451 2225 655 2310 παράλληλοι
679 2224 835 2307 ἀλλήλαις
857 2227 951 2309 εἰσίν,
976 2224 1061 2290 άλλὰ
1082 2224 1139 2291 καὶ

70 2340 104 2389 20
122 2331 160 2393 αἱ
180 2335 213 2393 A
220 2334 261 2413 Z,
280 2335 370 2414 ΜΛ,
390 2334 462 2394 ΓΗ
479 2329 687 2416 παράλληλοί
707 2333 792 2395 εἰσιν
815 2329 981 2414 άλληλαις,
1005 2331 1051 2408 ὡς
1074 2335 1138 2418 άρα

122 2436 142 2520 ἡ
166 2441 233 2501 ΛΖ
257 2439 339 2522 πρὸς
364 2441 435 2521 ΖΒ,
459 2438 565 2513 οὕτως
587 2436 606 2519 ἡ
632 2441 704 2501 ΓΗ
721 2438 804 2523 πρὸς
826 2440 887 2520 την
905 2441 990 2501 ΗΚ·
1013 2437 1071 2502 καὶ
1094 2440 1138 2515 ώς

123 2544 186 2628 άρα
215 2545 251 2608 τὸ
275 2543 339 2607 άπὸ
363 2553 420 2627 τῆς
444 2550 476 2608 A
483 2549 510 2608 Z
533 2545 615 2630 πρὸς
637 2544 674 2608 τὸ
699 2542 761 2608 ἀπὸ
785 2551 843 2627 τῆς
865 2547 942 2626 ΖΒ,
970 2544 1078 2621 οὕτως
1100 2546 1136 2610 τὸ

123 2647 186 2712 άπὸ
214 2659 272 2731 τῆς
296 2653 368 2713 ΓΗ
385 2651 468 2735 πρὸς
495 2650 532 2714 τὸ
558 2649 621 2714 άπὸ
644 2658 702 2732 τῆς
725 2653 811 2733 ΚΗ,
838 2650 988 2715 τουτέστι
1010 2652 1049 2716 τὸ
1074 2649 1136 2716 άπὸ

122 2762 180 2836 της
203 2758 279 2818 ΜΛ
301 2757 383 2841 πρὸς
406 2757 442 2820 τὸ
465 2755 530 2821 ὑπὸ
555 2766 622 2821 τῶν
644 2761 720 2840 BA,
741 2759 817 2820 ΛΚ.
854 2755 926 2821 ἀλλ’
952 2758 997 2834 ώς
1020 2755 1083 2842 μὲν
1101 2760 1136 2824 τὸ

69 2872 103 2921 25
122 2859 186 2925 άπὸ
209 2869 267 2944 τῆς
284 2866 351 2925 AZ
374 2864 456 2947 πρὸς
478 2864 515 2927 τὸ
539 2861 602 2928 άπὸ
625 2872 683 2946 τῆς
708 2867 778 2947 ΖΒ,
802 2863 907 2939 οὕτως
929 2864 966 2929 τὸ
990 2862 1137 2949 άπὸτῆς

124 3092 182 3144 ΘΚ
195 3019 360 3146 Κορωέλρ
366 3023 454 3160 unffi
471 3019 735 3180 γρἐλάττώιιβώξώ.
747 3039 780 3146 Ιώ
773 3029 841 3092 τῇ
855 3021 1136 3184 Κοώαραβάῗλξρέιεε]

121 3159 328 3304 ῗὲἕῖλέέμξν
346 3179 373 3230 ¹³
388 3239 427 3287 10
437 3160 898 3304 ⁸,25544424221.03405¹{]454
915 3167 984 3288 ΚΞ
993 3164 1136 3290 'm

159 3311 200 3360 11
219 3306 253 3375 A]
273 3313 421 3373 πρῶτοςο.
496 3310 536 3358 17.
556 3306 616 3376 τῆς]
635 3322 651 3358 e
670 3323 738 3360 corr.
758 3323 784 3374 p.
840 3307 908 3378 ΚΑ]
928 3310 1028 3375 BKp.
1095 3313 1136 3362 19

122 3376 253 3444 ἀλλήλαις
272 3373 353 3447 εἰσίν]
373 3375 443 3429 εἰσιν
461 3375 636 3445 ἀλλήλαιςρ.
698 3383 740 3431 21.
758 3376 822 3447 τήν]
842 3394 895 3430 om.
910 3394 937 3445 p.
998 3383 1042 3433 23.
1062 3380 1136 3449 ΚΗ]

100 3450 225 3567 ἔξω,
248 3448 332 3502 bene.
426 3452 467 3501 24.
492 3448 1003 3520 MA]p,eorr.exMAm.1V‚
1034 3453 1136 3519 MA'v,

190 3533 212 3569 ο,
