2430 3854
122 163 184 226 188
432 166 519 217 ΠΕΡΙ
537 164 665 216 Κεοιον
683 167 818 218 ΤοιιΗΣ.

119 313 152 372 Ε
171 309 254 392 πρὸς
279 312 314 373 Ζ.
360 303 455 391 ἦκται
482 310 546 393 ἄρα
574 309 631 374 διὰ
653 317 713 373 τοῦ
735 307 853 386 ἄξονος
875 309 912 373 τὸ
934 312 1012 373 AN
1014 306 1045 381 Ξ
1064 313 1131 393 τρί-

120 437 244 498 γωνον,
267 415 312 491 ὡς
336 413 545 480 ἐπιτέτακται.

592 635 656 694 κη.

188 737 233 799 Εἰ
255 734 295 800 δέ
314 758 364 812 τις
389 734 485 819 λέγει,
508 735 559 800 ὅτι
582 736 618 800 τὸ
642 736 881 820 συνιστάμενον
905 734 959 801 ἐπὶ
981 745 1040 820 της
1065 740 1134 800 ΗΘ

87 845 286 926 οτρίγωνον
315 845 424 927 μεῖζον
457 842 608 927 ὑπάρχον
637 851 697 906 τοῦ
727 846 802 907 ΗΚ
806 848 835 907 Θ
864 841 918 908 ἐπὶ
946 844 987 907 τὰ
1015 852 1076 907 τοῦ
1108 849 1135 907 Θ

121 947 204 1033 μέρη
231 951 292 1033 την
317 951 470 1034 κορυφὴν
497 947 575 1032 ἕξει,
603 951 804 1033 συμβήσεται
827 949 1004 1014 ἀδύνατον.
1051 953 1134 1014 ἔστω

122 1057 196 1140 γάρ,
219 1058 250 1121 εἰ
271 1057 426 1138 δυνατόν,
450 1055 563 1131 οὕτως.
609 1053 679 1121 έιιεὶ
701 1051 763 1121 οὖν
786 1062 855 1121 ἴσαι
878 1058 916 1121 αλ
936 1060 1020 1140 ΚΛ,
1043 1061 1135 1140 ΜΛ,

121 1165 217 1247 κοινη
245 1159 282 1227 δὲ
309 1161 329 1244 η
358 1166 441 1246 ΛΗ,
468 1161 488 1244 η
517 1157 553 1226 δὲ
580 1161 645 1226 ὑπὸ
669 1166 787 1226 ΜΛΗ
807 1166 912 1245 γωνία
935 1166 1055 1247 μείζων
1079 1173 1136 1247 της

121 1269 187 1334 ὑπὸ
206 1272 324 1352 ΚΛΗ,
346 1271 465 1353 μείζων
487 1270 551 1352 ἄρα
575 1267 595 1351 ἡ
614 1273 698 1332 ΜΗ
715 1277 773 1351 τῆς
791 1272 870 1333 KH.
907 1269 964 1333 διὰ
986 1271 1027 1333 τὰ
1051 1271 1136 1334 αὐτὰ

71 1393 104 1442 10
124 1377 165 1460 δὴ
188 1375 243 1441 κοιλ
265 1375 286 1458 η
309 1378 377 1439 ΚΘ
399 1383 457 1458 τῆς
482 1379 560 1439 ΘΜ
577 1378 703 1459 μείζων.
750 1373 819 1439 ἐπεὶ
842 1370 904 1441 οὖν
926 1374 947 1457 η
971 1372 1032 1460 μὲν
1055 1381 1138 1441 ΜΗ

124 1491 181 1565 της
204 1485 278 1546 HK
297 1484 415 1566 μείζων
438 1481 542 1565 ἐστίν,
565 1481 586 1564 ἡ
610 1479 646 1546 δὲ
669 1486 744 1546 ΜΘ
765 1491 823 1565 τῆς
848 1486 917 1546 ΘΚ
937 1481 1094 1567 ἐλάττων,
1115 1481 1134 1566 ἡ

125 1589 188 1672 ἄρα
216 1592 300 1652 ΜΗ
321 1589 404 1674 πρὸς
432 1592 506 1652 ΗΚ
530 1592 661 1672 μείζονα
689 1590 789 1671 λόγον
816 1591 881 1672 ἔχει
908 1590 991 1674 ἥπερ
1015 1588 1036 1672 ἡ
1061 1595 1137 1654 ΜΘ

124 1695 208 1779 πρὸς
232 1698 309 1758 ΘΚ·
332 1693 388 1759 καὶ
411 1693 548 1772 ἐναλλὰξ
572 1696 636 1781 ἄρα
658 1692 678 1776 ἡ
699 1699 782 1759 ΗΜ
799 1696 883 1781 πρὸς
907 1701 985 1760 ΘΜ
1003 1701 1136 1780 μείζονα

126 1804 226 1884 λόγον
254 1805 319 1885 ἔχει
345 1803 426 1888 ἥπερ
454 1798 474 1883 ἡ
500 1804 574 1865 ΗΚ
592 1802 676 1886 πρὸς
698 1805 774 1866 ΚΘ.
820 1805 955 1866 ἔλαττον
978 1804 1044 1886 ἄρα
1067 1803 1136 1869 ἐστὶ

125 2018 243 2099 μεῖζον.
294 2015 354 2079 οὐκ
385 2016 449 2101 ἄρα
479 2012 532 2078 ἐπὶ
561 2015 601 2078 τὰ
630 2023 690 2078 τοῦ
723 2018 751 2078 Θ
780 2013 862 2099 μέρη
892 2017 953 2099 την
982 2019 1137 2102 κορυφὴν

125 2120 188 2199 ἕξει
211 2123 248 2185 τὸ
271 2123 448 2205 τρίγωνον·
473 2118 526 2186 ἐπὶ
548 2121 588 2184 τὰ
610 2129 671 2184 τοῦ
694 2124 734 2184 Η
752 2122 816 2206 ἄρα
838 2120 920 2208 μέρη
943 2120 1016 2199 ἕξει.

597 2313 667 2380 καθ’.

191 2439 267 2507 Ἐὰν
280 2452 387 2516 κῶνος
400 2441 563 2524 σκαληνὸς
581 2441 637 2505 διὰ
655 2449 714 2504 τοῦ
734 2439 851 2518 ἄξονος
869 2440 1011 2528 ἐπιπέδῳ
1026 2449 1136 2528 τμηθῇ

75 2562 109 2611 20
126 2550 209 2635 πρὸς
236 2547 343 2632 ὀρθὰς
369 2557 408 2633 τῇ
436 2547 544 2630 βάσει,
574 2555 632 2610 νοῦ
659 2543 697 2610 δὲ
723 2545 902 2630 γενομένου
928 2550 1095 2633 τριγώνου
1118 2548 1136 2631 η

128 2653 192 2719 ἀπὸ
219 2663 277 2737 της
303 2663 453 2740 κορυφῆς
480 2651 533 2719 ἐπὶ
558 2655 619 2737 την
641 2654 740 2736 βάσιν
762 2653 903 2728 κάθετος
925 2655 969 2737 μη
994 2652 1137 2720 ἐλάττων

127 2754 148 2846 ᾖ
171 2768 229 2843 της
252 2760 287 2824 ἐκ
309 2769 369 2824 τοῦ
391 2758 531 2846 κέντρον
558 2769 616 2843 τῆς
637 2760 778 2843 βάσεως,
807 2760 842 2824 ιὸ
863 2761 947 2843 πρὸς
970 2759 1078 2845 ὀρθὰς
1100 2771 1137 2847 τῇ

201 2959 224 3007 1.
247 2953 279 3024 Ζ]
298 2952 350 3022 τὴν
370 2954 432 3020 Zp,
452 2954 506 3006 ΕΖ
523 2951 577 3007 Vc.
638 2956 663 3006 3.
682 2951 743 3023 κη’]
758 2969 813 3021 mg.
828 2969 863 3005 m.
878 2967 932 3005 rec.
942 2952 976 3020 V,
997 2953 1136 3022 om.ch.

164 3031 189 3080 4.
212 3021 297 3095 λέγει]
323 3039 374 3092 vc,
403 3039 471 3077 corr.
495 3039 529 3076 ex
552 3019 627 3092 λέγοι
649 3040 685 3076 m.
710 3022 777 3092 1V,
805 3020 879 3093 λέγοι
901 3041 928 3091 p.
1017 3029 1040 3078 7.
1070 3024 1137 3096 ἴσαι]

129 3095 187 3152 έσαι
219 3091 289 3150 εἰσίν
316 3113 343 3163 p.
426 3099 467 3149 10.
496 3089 548 3148 οὖν
575 3093 592 3163 η
621 3091 684 3219 γένη
711 3092 756 3147 bis
779 3110 801 3148 ο.
866 3099 907 3148 11.
933 3095 1007 3166 ΜΘ]
1032 3098 1089 3150 ΚΘ
1111 3115 1136 3165 p.

167 3171 225 3224 ΘΚ
243 3165 373 3237 ἐλάττων]
394 3167 461 3220 ΘΜ
473 3183 500 3234 p.
567 3170 609 3218 12.
629 3184 665 3233 πρ
685 3164 709 3234 ς]
727 3172 776 3234 τῆς
794 3183 821 3234 p.
889 3170 931 3219 13.
951 3165 1019 3236 ἄρα]
1040 3183 1092 3222 om.
1111 3187 1137 3236 p.

165 3239 245 3310 HM]
265 3242 333 3293 ΜΗ
348 3255 375 3306 p.
450 3237 528 3306 ΘΜ]
548 3237 611 3290 ΜΘ
628 3254 655 3305 p.
733 3242 775 3290 14.
796 3237 869 3307 HK]
890 3239 949 3303 ΗΘ
966 3255 993 3306 p.
1068 3237 1137 3309 ἐστι’]

130 3328 219 3379 om.p.
266 3315 308 3364 15.
324 3308 432 3379 ΗΜΘ]
447 3309 546 3362 ΜΘΗ
556 3325 584 3376 p.
634 3307 735 3378 ΗΚΘ]
750 3310 839 3362 ΚΗΘ
852 3326 878 3377 p.
929 3311 1137 3380 16.μεῑζον]Κ,

129 3399 197 3436 corr.
217 3397 252 3435 ex
274 3377 373 3449 μείζων
396 3396 432 3433 m.
453 3384 467 3432 1
487 3395 514 3448 ο,
540 3375 639 3446 μείζων
657 3396 684 3447 p.
764 3379 826 3449 τοῦ]
851 3377 962 3447 addidi,
989 3396 1042 3433 om.
1061 3384 1137 3472 ch.

160 3458 202 3506 17,
229 3449 376 3524 τρίγωνον]
401 3449 447 3504 ἐπὶ
469 3457 518 3520 τῆς
535 3451 594 3504 ΗΘ
617 3446 817 3518 συνιστάμενον
835 3447 970 3519 τρίγωνον
990 3458 1082 3520 μεῖζον
1107 3451 1137 3509 ὸν

110 3531 164 3575 τον*
180 3525 279 3580 ΚΗΘ
292 3542 321 3595 p.
386 3521 444 3592 ἔξει
463 3521 549 3598 (κέλῃ
573 3539 629 3580 om.
646 3541 677 3596 p.
757 3525 804 3576 R.
825 3522 897 3591 κλή
910 3525 1143 3591 mmmm
