2430 3854
122 152 165 215 42
393 156 480 206 ΠΕΡΙ
497 155 714 207 ΚΤΛΙΝΔΡΟΤ
732 156 868 208 ΤΟΜΗΣ.

123 302 186 362 ΕΒ
209 299 292 383 πρὸς
315 299 352 362 τὸ
375 299 440 362 ὑπὸ
463 308 531 362 τῶν
555 302 629 381 ΓΖ,
650 303 715 363 ΖΔ
734 300 932 364 διπλασίονα
951 302 1053 382 λόγον
1072 302 1139 384 ἔχει

121 406 205 491 ἥπερ
235 404 255 486 ἡ
284 409 347 468 ΕΒ
376 405 460 490 πρὸς
488 408 567 488 ΖΔ,
595 403 765 470 τουτέστιν
791 407 874 492 ῇπερ
907 406 927 490 ἡ
956 411 1022 470 AB
1055 407 1141 491 πρὸς

124 515 198 576 ΓΛ.
240 510 323 575 άλλά
346 509 401 575 καὶ
424 512 461 575 τὸ
485 510 549 575 άπὸ
572 519 630 593 τῇς
652 517 719 576 ΑΒ
741 514 825 598 πρὸς
846 514 884 577 τὸ
907 512 970 577 άπὸ
994 522 1053 596 τῇς
1072 516 1141 578 ΓΛ

123 618 322 683 διπλασίονα
345 621 447 700 λόγον
470 621 534 702 ἔχει
557 620 639 704 ἥπερ
662 618 683 701 ἡ
707 624 773 683 ΑΒ
796 621 880 705 πρὸς
903 623 980 684 ΓΛ·
1005 619 1050 696 ὡς
1074 621 1140 705 ἄρα

88 735 104 783 5
123 725 159 789 τὸ
184 723 248 789 άπὸ
271 733 329 808 τῇς
352 729 418 789 ΑΒ
441 726 524 811 πρὸς
546 726 583 789 τὸ
608 724 671 789 άπὸ
695 734 753 808 τῇς
776 728 855 808 ΓΛ,
883 726 989 801 οὕτως
1011 727 1048 790 τὸ
1072 725 1139 791 ὑπὸ

122 842 191 895 τῶν
209 836 290 915 ΑΕ,
309 837 373 896 ΕΒ
395 833 479 917 πρὸς
501 833 538 895 τὸ
561 831 627 896 ὑπὸ
645 841 713 895 τῶν
733 834 808 915 ΓΖ,
829 836 908 896 ΖΛ·
932 831 950 895 ὃ
968 831 1140 917 προέκειτο

124 936 235 1015 δείξαι.

602 1059 659 1125 ιδ’.

185 1184 263 1251 Ἐάν
301 1185 479 1270 κύλινδρος
514 1183 656 1272 ἐπιπέδῳ
688 1192 799 1271 τμηθῇ
832 1187 888 1250 διά
918 1194 978 1250 τοῦ
1011 1184 1141 1270 άξονος,

72 1303 106 1351 10
124 1299 235 1376 τμηθῇ
265 1288 301 1356 δὲ
328 1290 383 1356 καὶ
409 1289 506 1378 ἑτέρῳ
531 1290 672 1379 ἐπιπέδῳ
696 1292 847 1376 τέμνοντι
871 1294 908 1358 τὸ
932 1301 989 1376 τῇς
1011 1293 1141 1376 βάσεως

124 1398 290 1481 ἐπίπεδον,
313 1397 333 1480 η
358 1393 394 1462 δὲ
417 1399 511 1482 κοινὴ
534 1400 616 1482 τομῇ
640 1407 700 1462 τοῦ
723 1423 758 1463 τε
780 1408 837 1481 τῇς
858 1399 984 1482 βάσεως
1002 1397 1057 1463 καὶ
1077 1408 1138 1464 τοῦ

123 1503 299 1588 τέμνοντος
326 1503 483 1569 ἐπιπέδου
510 1505 593 1590 πρὸς
621 1505 727 1589 ὀρθάς
753 1500 775 1591 ῇ
802 1515 842 1590 τῇ
870 1505 964 1588 βάσει
992 1515 1052 1569 τοῦ
1082 1507 1140 1570 διά

123 1620 183 1675 τοῦ
207 1608 324 1687 άξονος
346 1611 690 1696 παραλληλογράμμου
714 1608 734 1691 ῇ
757 1619 796 1695 τῇ
820 1608 870 1674 ἐπ’
892 1610 1025 1687 εὐθείας
1044 1611 1140 1698 αὐτῇ,

124 1715 188 1781 ἀπὸ
214 1712 249 1780 δὲ
273 1725 330 1800 τῇς
353 1726 454 1801 τομῆς
476 1717 565 1801 ἀχθῇ
588 1740 639 1792 τις
662 1715 714 1781 ἐπὶ
737 1718 798 1799 τὴν
818 1717 994 1802 διάμετρον
1012 1718 1140 1803 παράλ-

72 1834 104 1882 15
123 1828 221 1906 ληλος
239 1831 278 1908 τῇ
297 1820 450 1908 εἰρημένη
469 1833 565 1908 κοινῇ
584 1832 665 1906 τομῇ
684 1832 752 1886 τῶν
770 1821 943 1904 ἐπιπέδων,
961 1823 981 1906 ἡ
997 1823 1141 1908 ἀχθεῖσα

123 1930 304 2011 δυνήσεταί
318 1952 350 1993 τι
369 1932 502 2014 χωρίον,
521 1930 603 2013 πρὸς
622 1927 640 1992 δ
660 1930 696 1993 τὸ
715 1929 780 1993 ὑπὸ
800 1940 866 1993 τῶν
884 1929 1061 2013 τμημάτων
1081 1941 1140 2015 τῇς

123 2033 300 2121 διαμέτρου
328 2044 386 2117 τῇς
413 2043 514 2118 τομῇς
541 2038 643 2118 λόγον
666 2038 746 2119 ἔχει,
775 2034 814 2099 ὃν
836 2036 873 2100 τὸ
897 2034 961 2100 άπὸ
985 2045 1043 2119 τῇς
1066 2038 1140 2101 δια-

123 2139 244 2226 μέτρου
281 2150 338 2225 τῇς
371 2150 470 2225 τομῆς
501 2143 584 2226 πρὸς
615 2143 652 2206 τὸ
686 2140 749 2205 άπὸ
781 2149 839 2223 τῇς
871 2139 1048 2226 διαμέτρου
1082 2152 1141 2227 τῇς

123 2248 257 2331 βάσεως.

70 2365 104 2414 20
190 2356 272 2418 έστα
301 2355 491 2439 κύλινδρος,
521 2349 562 2419 οὗ
590 2354 703 2436 βάσεις
730 2349 792 2437 μὲν
820 2355 855 2418 οί
880 2359 926 2437 Α,
953 2358 986 2417 Β
1010 2356 1139 2440 κύκλοι,

123 2462 160 2524 τὸ
184 2457 221 2524 δὲ
245 2461 301 2524 διά
323 2469 382 2525 τοῦ
407 2459 524 2538 άξονος
546 2463 888 2544 παραλληλόγραμμον
916 2461 952 2524 τὸ
977 2462 1059 2544 ΓΛ,
1085 2461 1140 2527 καί

123 2568 296 2649 τετμῇσθο)
324 2566 341 2632 ὁ
374 2567 552 2650 κύλινδρος
582 2564 723 2652 ἐπιπέδῳ
755 2569 975 2649 συμπίπτοντι
1005 2576 1051 2654 τῷ
1082 2577 1141 2651 τῇς

123 2673 250 2756 βάσεως
273 2672 414 2760 ἐπιπέδῳ
438 2670 510 2736 κατ’
536 2672 673 2736 εὐθεῖαν
696 2673 806 2758 ὀρθὴν
828 2673 911 2758 πρὸς
936 2674 1000 2736 ΓΑ
1024 2672 1140 2758 ἐκβλη-

123 2786 258 2862 θεῖσαν,
281 2776 335 2843 καὶ
359 2782 440 2842 ἐστον
464 2776 484 2860 ῇ
508 2776 666 2862 γενομένη
690 2780 771 2862 τομῇ
795 2777 815 2861 ἡ
839 2781 956 2862 ΕΖΗ,
982 2782 1079 2864 κοινὴ
1104 2778 1141 2846 δέ

71 2897 105 2948 25
124 2887 206 2970 τομῇ
239 2894 298 2949 τοῦ
325 2885 669 2971 παραλληλογράμμου
697 2883 752 2948 καὶ
779 2893 839 2949 τοῦ
866 2883 1044 2968 τέμνοντος
1073 2887 1142 2952 ἐπι-

123 2991 227 3057 πέδου
257 2991 277 3075 ῇ
306 2994 380 3055 ΕΗ
404 2991 576 3077 διάμετρος
599 2987 683 3056 οὖσα
705 2999 763 3074 τῇς
785 3000 899 3075 τομῇς,
927 2991 972 3067 ὡς
995 2991 1143 3078 ἐδείχθη.

124 3097 312 3183 ληφθέντος
345 3097 385 3162 δέ
414 3120 504 3173 τινος
536 3101 672 3181 σημείου
709 3096 762 3161 ἐπὶ
798 3106 856 3181 τῇς
887 3107 988 3180 τομῇς
1019 3109 1082 3164 τοῦ
1114 3106 1141 3166 Ζ

124 3206 278 3289 κατῇχθω
307 3202 364 3269 ἀπ’
390 3204 493 3268 αὐτοῦ
517 3203 569 3269 ἐπὶ
592 3206 653 3288 τὴν
677 3203 853 3288 διάμετρον
876 3204 992 3268 εὐθεῖα
1015 3209 1144 3295 παράλ-

76 3461 83 3476 ·
196 3442 219 3488 1.
242 3435 305 3504 ΖΔ]
324 3453 356 3503 p,
382 3449 434 3487 om.
454 3433 508 3486 Vc.
581 3431 740 3503 λ,ῇ(α1ι.)]
762 3448 915 3500 suprascr.
935 3438 1052 3489 ιτα-1ο.
1120 3442 1145 3494 5.

132 3499 150 3520 θ

80 3504 216 3624 κως]
232 3503 307 3558 offro)
323 3523 352 3575 p,
446 3510 469 3560 6.
491 3501 505 3560 ὃ
525 3501 672 3574 προέκειτο
692 3503 796 3574 δεῖξαιῇ
813 3520 866 3558 om.
884 3521 911 3571 p.
995 3509 1020 3559 8.
1041 3507 1098 3581 ιδ’]
1117 3528 1145 3580 p,
