2430 3854
417 187 467 235 na
486 184 662 236 SEOTIONE
680 184 775 238 com.
1036 183 1098 247 139

88 331 165 395 data
196 329 322 393 ratione
355 333 412 392 est.
468 350 566 411 quare
599 329 627 392 si
658 329 693 392 in
719 329 791 392 basi
820 330 893 393 coni
925 329 1097 394 inserimus

88 440 212 500 rectam
245 435 342 519 duplo
375 435 530 499 maiorem
561 439 651 498 reeta
682 439 755 499 HA
789 440 822 499 et
853 458 910 518 per
941 435 1097 500 insertam

89 542 309 626 uerticemque
343 541 416 605 eoni
447 541 580 625 planum
612 540 773 626 decimae,
804 540 839 604 in
866 563 947 605 eone
978 541 1098 606 efficiet

90 649 292 734 triangulum
324 649 422 732 duplo
454 647 609 712 maiorem
639 670 736 731 quam
764 651 881 712 ΑΗΔ.
937 669 1015 732 ergo
1043 648 1099 710 tri-

89 755 229 841 angulus
256 755 305 819 ita
332 758 537 819 constructus
566 755 606 817 ad
634 759 666 817 Α
672 757 733 818 ΓΔ
764 754 924 817 rationem
956 753 1099 838 habebit,

89 883 187 945 quam
211 863 320 925 ΑΗΔ
335 883 342 924 :
358 864 463 924 ΑΒΔ
486 859 554 923 siue
578 863 631 922 K:
648 862 685 922 Α.

575 1054 615 1119 Χ.

178 1179 212 1244 Si
236 1202 335 1245 conus
358 1184 465 1244 reetus
489 1201 547 1263 per
565 1178 720 1243 uerticem
743 1177 849 1262 planis
874 1182 1009 1262 secatur,
1032 1200 1096 1242 uno

87 1310 146 1372 ρετ
174 1309 280 1371 axem,
308 1285 380 1350 aliis
408 1289 516 1349 autem
548 1289 639 1349 extra
667 1306 771 1367 axem,
800 1289 832 1348 et
860 1283 1100 1369 triangulorum

90 1398 182 1458 extra
197 1416 289 1458 axem
303 1394 491 1458 effectorum
505 1391 621 1474 aliquis
636 1390 801 1476 tiiangulo
820 1413 878 1475 ρετ
893 1413 985 1455 axem
999 1391 1097 1456 ducto

90 1501 234 1584 aequalis
258 1505 321 1584 est,
345 1500 413 1563 axis
437 1499 510 1564 eoni
534 1498 640 1563 minor
663 1497 724 1561 erit
747 1497 838 1560 radio
862 1497 960 1561 basis.

777 1608 865 1668 secto
889 1626 969 1669 eone
993 1605 1099 1669 effecti

706 1710 772 1773 sint
817 1709 992 1796 trianguli,
1040 1734 1098 1795 per

707 1837 798 1879 axem
809 1818 913 1899 ΑΓΔ,
924 1821 1015 1881 extra
1024 1839 1098 1881 eum

707 1926 817 1986 autem
827 1923 1097 2007 AEZtriangulo
1164 1917 1166 1922 ’

706 2031 810 2092 ΑΓΔ
853 2027 1010 2110 aequalia,
1055 2027 1099 2091 sit

707 2139 816 2198 autem
829 2138 893 2197 EZ
911 2138 1017 2198 reetae
1037 2136 1099 2197 ΓΔ

706 2239 860 2324 parallela
891 2239 1099 2323 perpendicu-

707 2346 854 2430 laresque
873 2350 948 2428 AB,
963 2350 1043 2430 AH,
1066 2351 1099 2409 et

634 2479 660 2524 A
707 2451 865 2516 ducantur
911 2456 991 2537 BE,
1019 2455 1098 2516 BH.

707 2557 792 2640 dieo,
825 2580 917 2622 axem
945 2563 1011 2623 AB
1038 2559 1100 2622 mi-

608 2696 635 2746 2
706 2686 819 2728 norem
834 2687 904 2730 esse
921 2665 1012 2729 radio
1028 2669 1098 2730 ΒΔ.

773 2771 927 2854 quoniam

728 2879 763 2944 Δ
783 2883 815 2941 A
822 2882 885 2942 ΒΖ
905 2910 946 2930 =
966 2882 1079 2963 ΑΓΔ,

710 2983 808 3048 etiam
851 2985 966 3069 dupla,
1011 2985 1042 3049 h.
1075 3007 1101 3048 ε.

90 3094 153 3153 ΕΖ
169 3105 211 3156 ><
226 3093 298 3154 ΗΑ
317 3122 350 3141 =
372 3093 432 3154 ΓΔ
447 3106 488 3154 ><
505 3093 584 3168 ΒΑ;
612 3112 710 3173 quare

149 3179 1051 3261 rA:x2=HA:Ax=rB:xH=xx:ma

92 3302 246 3385 quoniam
282 3302 384 3387 igitur
420 3303 483 3366 duo
520 3303 677 3388 triangati
713 3305 829 3384 ΒΒΗ,
857 3305 964 3366 ΗΑΒ
1001 3323 1101 3365 unum

90 3457 159 3530 ἐστι]
179 3457 240 3512 ἴσον
259 3457 315 3525 ἄρα
335 3455 390 3512 ἐστι’
408 3477 434 3527 ρ.
526 3457 586 3512 ἴσον
606 3456 680 3530 ἐστι’]
702 3475 755 3511 om.
774 3476 802 3526 p.
893 3463 936 3510 2⁴2.
962 3457 1104 3525 EZWW

89 3533 145 3583 ΕΖ
159 3549 188 3597 Ρ.
263 3535 304 3583 23.
325 3533 388 3585 ΕΗ
398 3531 587 3604 (utrumquett
603 3530 656 3604 τὴν
677 3534 737 3586 EH
754 3548 786 3599 ρ.
1097 3522 1138 3623 Ι
