2430 3854
124 159 168 223 50
395 161 482 211 ΠΕΡΙ
499 160 714 214 Κυλιωοεου
731 162 867 215 ΤοιιΗΣ.

125 321 188 369 σαν
208 300 244 368 δέ
262 301 372 368 κοιναὶ
390 302 487 388 τομαὶ
507 305 609 369 αὐτοῦ
624 302 759 370 καὶτῶν
772 307 992 390 παραλλήλων
1005 306 1143 372 κύκλων

125 412 163 474 αί
179 415 260 494 ΣΤ,
279 410 356 494 ΞΟ,
375 416 414 475 Π
415 415 455 493 Ρ,
474 411 577 475 αὐτοῦ
597 407 633 475 δέ
651 409 707 475 καί
724 419 783 494 τῆς
800 414 909 475 ΕΖΗ
922 420 1024 495 τομῆς
1042 415 1140 496 κοινὴ

124 518 206 602 τομη
235 520 317 582 ἔστω
345 516 365 599 ἡ
393 521 480 581 ΜΝ.
531 515 599 582 ἐπεὶ
627 513 689 582 οὖν
716 518 910 602 παράλληλα
937 517 1077 583 ἐπίπεδα
1100 520 1141 584 τδι

126 628 158 689 Γ
156 631 199 708 Λ,
224 628 289 688 ΡΣ
309 621 458 708 τέμνεται
480 623 545 688 ὑπὸ
568 633 628 688 τοῦ
651 627 686 687 Κ
690 627 754 688 ΖΛ
776 623 944 708 ἐπιπέδου,
968 627 1006 690 αί
1028 624 1141 692 κοιναὶ

89 732 235 797 οαύτῶν
258 728 354 814 τομαὶ
376 730 583 815 παράλληλοί
603 732 679 794 είσι·
707 731 916 817 παράλληλος
938 733 1002 817 ἄρα
1024 732 1047 815 ἡ
1072 737 1140 797 ΚΘ

124 847 163 924 τη
181 837 258 912 ΝΞ.
294 831 336 920 ἦν
361 833 396 901 δέ
418 835 474 901 καὶ
496 835 516 919 ἡ
538 841 602 900 ΘΕ
622 845 662 921 τῇ
687 841 766 904 ΝΜ
785 838 1005 923 παράλληλος·
1029 838 1051 921 ἡ
1075 839 1140 924 ίίρα

123 946 188 1011 ὑπὸ
208 949 311 1010 ΚΘΕ
332 946 436 1026 γωνία
459 951 498 1028 τῇ
520 943 585 1008 ὑπὸ
606 943 721 1016 ΞΝΜ
740 950 794 1027 ίση
818 943 894 1009 ἐστί.
927 943 983 1009 καὶ
1006 942 1079 1009 ἐπεὶ
1100 945 1139 1009 τὸ

125 1058 190 1117 ΡΣ
209 1053 552 1138 παραλληλόγραμμον
576 1051 752 1132 ἰσογώνιόν
776 1050 844 1115 ἐστι
863 1060 908 1138 τῷ
929 1053 994 1116 ΓΛ
1010 1057 1139 1139 παραλ-

125 1157 359 1245 ληλογράμμῳ,
387 1157 431 1232 ὡς
459 1156 592 1240 ἐδείχθη
616 1155 652 1221 έν
673 1165 719 1244 τῷ
742 1155 776 1239 γ’
799 1160 1004 1242 θεωρήματι,
1028 1157 1049 1241 ἡ
1074 1160 1139 1244 ἄρα

73 1280 106 1329 10
124 1266 189 1332 ὑπὸ
221 1274 288 1329 τῶν
320 1267 427 1327 ΣΠΡ
450 1266 555 1344 γωνία
587 1273 626 1348 τῇ
653 1263 718 1328 ὑπὸ
747 1275 814 1328 τῶν
841 1268 942 1329 ΕΓΑ
972 1271 1026 1347 ίση
1059 1265 1139 1348 ἐστί,

124 1370 293 1437 τουτέστιν
313 1370 334 1453 ἡ
352 1369 417 1434 ὑπὸ
436 1369 545 1443 ΣΞΝ
559 1378 598 1454 τῇ
616 1370 682 1435 ὑπὸ
701 1374 816 1434 ΕΚΘ·
840 1371 936 1455 ὅμοια
955 1373 1019 1454 ἄρα
1040 1371 1139 1454 ἀλλη-

124 1485 195 1554 λοις
222 1478 261 1541 τὰ
289 1480 405 1559 ΕΚΘ,
429 1475 547 1549 ΜΞΝ
567 1480 720 1561 τρίγωνα.
766 1477 811 1553 ὡς
833 1478 897 1562 ἄρα
920 1477 940 1560 ἡ
963 1481 1032 1542 ΚΘ
1055 1479 1140 1563 πρὸς

127 1589 198 1667 ΘΕ,
222 1583 327 1659 οὕτως
350 1583 369 1666 ἡ
390 1582 460 1656 ΞΝ
479 1584 561 1669 πρὸς
578 1588 672 1647 ΝΜ·
695 1581 751 1647 καὶ
774 1585 818 1659 ὡς
840 1585 877 1648 τὸ
901 1583 964 1648 ιἰπὸ
988 1592 1048 1666 τῆς
1070 1587 1139 1648 ΚΘ

124 1693 187 1776 ἄρα
214 1691 297 1775 πρὸς
323 1691 360 1755 τὸ
389 1689 452 1754 ἀπὸ
476 1698 534 1773 της
558 1694 634 1772 ΘΕ,
661 1686 810 1753 τουτέστι
832 1691 869 1754 τὸ
893 1689 957 1754 ἀπὸ
980 1699 1039 1773 της
1063 1692 1139 1755 δευ-

72 1814 105 1862 15
124 1795 219 1883 τέρας
247 1795 423 1883 διαμέτρου
451 1805 509 1879 τῆς
538 1799 603 1859 ΦΖ
630 1797 713 1880 πρὸς
740 1796 777 1859 τὸ
803 1795 866 1860 ἀπὸ
890 1804 948 1878 τῆς
969 1800 1046 1860 ΕΗ
1066 1799 1139 1861 δια-

123 1903 255 1990 μέτρου,
279 1903 383 1979 οὕτως
406 1904 442 1967 τὸ
465 1901 529 1967 ἀπὸ
552 1911 610 1984 της
633 1901 703 1975 ΞΝ
722 1903 805 1986 πρὸς
827 1902 863 1966 τὸ
888 1901 951 1966 ἀπὸ
974 1911 1033 1985 τῆς
1052 1908 1137 1968 ΝΜ.

124 2010 206 2075 ἀλλὰ
229 2011 266 2075 τὸ
290 2009 353 2074 ἀπὸ
377 2018 434 2092 της
452 2007 522 2081 ΝΞ
538 2014 612 2073 ίσον
631 2006 700 2073 ἐστὶ
717 2016 763 2096 τῷ
781 2007 846 2072 ὑπὸ
865 2019 932 2073 τῶν
954 2012 1036 2091 ΦΝ,
1053 2013 1137 2073 ΝΖ·

123 2118 243 2193 κύκλος
269 2117 332 2201 γοίρ
361 2116 451 2181 ἐστιν
478 2115 495 2180 ὁ
519 2118 636 2198 ΚΖΛ,
663 2112 718 2178 καὶ
744 2115 831 2199 ὀρθὴ
860 2114 880 2197 ἡ
911 2118 973 2178 ΘΖ
1001 2113 1055 2179 ἐπὶ
1078 2116 1138 2191 τὰς

124 2229 205 2308 ΚΘ,
229 2223 304 2298 ΞΝ.
363 2223 407 2299 ὡς
433 2223 497 2307 ἄρα
529 2223 565 2286 τὸ
599 2221 662 2286 ἀπὸ
692 2229 749 2304 τῆς
779 2224 844 2284 ΦΖ
876 2218 1032 2306 δευτέρας
1065 2222 1138 2285 δια-

71 2350 106 2399 20
124 2330 244 2416 μέτρου
268 2331 350 2416 πρὸς
372 2330 409 2394 τὸ
433 2329 496 2394 ἀπὸ
515 2337 573 2412 τῆς
591 2331 665 2392 ΕΗ
679 2324 867 2413 διαμέτρου,
891 2327 995 2401 οὕτως
1013 2329 1052 2391 τὸ
1070 2327 1138 2392 ὑπὸ

124 2449 191 2503 τῶν
226 2441 309 2519 ΦΝ,
333 2440 401 2500 ΝΖ
432 2437 515 2522 πρὸς
542 2436 579 2499 τὸ
608 2434 671 2499 ἀπὸ
699 2442 757 2517 τῆς
783 2438 874 2498 ΜΝ·
916 2433 934 2497 ὃ
964 2432 1137 2518 προέκειτο

125 2542 236 2621 δείξαι.

603 2628 657 2706 ιζ’.

189 2753 265 2819 Ἐδιν
287 2756 468 2838 κυλίνδρου
493 2761 592 2836 τομῆς
616 2756 766 2836 συζυγείς
789 2753 957 2836 διάμετροι
982 2748 1057 2832 ὦσι,
1081 2753 1138 2819 καὶ

72 2881 106 2930 25
124 2868 259 2947 ποιηθῇ,
282 2862 326 2936 ὡς
349 2861 369 2944 η
392 2860 566 2945 διάμετρος
588 2868 645 2943 της
666 2868 767 2943 τομῆς
789 2860 871 2945 πρὸς
896 2860 957 2942 την
975 2857 1138 2946 δευτέραν

125 2971 311 3054 διάμετρον,
332 2967 436 3042 οὕτως
454 2965 474 3049 ἡ
490 2965 626 3053 δευτέρα
645 2967 818 3050 διάμετρος
836 2966 918 3050 πρὸς
932 2966 1035 3048 ἄλλην
1050 2967 1139 3051 τινα,

123 3079 195 3161 ἥτις
217 3075 259 3140 δν
282 3071 346 3139 ἀπὸ
368 3083 426 3156 τῆς
448 3082 548 3157 τομῆς
569 3071 622 3138 ἐπὶ
640 3075 699 3156 τὴν
720 3072 896 3158 διάμετρον
915 3069 1003 3155 ίιχθη
1021 3094 1138 3155 τεταγ-

124 3183 240 3268 μένως,
259 3181 435 3262 δυνήσεται
453 3181 489 3244 τὸ
508 3181 597 3265 παρὰ
615 3181 676 3262 την
694 3182 809 3265 τρίτην
827 3178 992 3259 ἀνοίλογον
1010 3180 1139 3256 πλοίτος

125 3293 200 3374 ἔχον
222 3290 283 3372 την
304 3285 362 3352 ὑπ’
384 3287 485 3369 αὐτῆς
507 3295 564 3369 τῆς
586 3284 789 3369 τεταγμένως
811 3285 968 3369 ἀχθείσης
987 3283 1139 3373 ἀπολαμ-

195 3446 439 3516 6.NE]ENp.
501 3449 523 3497 7.
544 3444 647 3514 ΚΘΕ]
669 3445 795 3498 ΘΚΕο.
851 3442 1136 3514 9.τῷγ’]τῶιγο.

149 3525 193 3571 10,
215 3527 274 3572 τῶν
287 3515 472 3588 (utrumquem
492 3532 545 3570 om.
564 3533 591 3586 p.
656 3520 697 3570 11.
716 3513 748 3585 ἡ]
766 3530 850 3582 supra
869 3529 918 3568 scr.
939 3530 961 3569 0.
1028 3518 1071 3569 17.
1090 3514 1137 3587 τό]
