2430 3854
126 136 169 200 90
395 139 484 209 ῌΕΡΙ
501 138 715 189 ΚΤΛΙΝΔΡΟΤ
734 137 869 188 ΤΟΜΗΣ.

125 297 188 345 σαν
211 276 273 346 οὖν
296 280 331 345 έκ
354 292 422 345 τῶν
445 280 679 365 ἀντικειμένων
701 291 811 365 μερῶν
829 281 866 344 αί
883 285 914 344 A
921 283 964 362 Θ,
984 282 1052 344 ΓΚ
1070 284 1142 343 ίσαι

126 383 223 453 οὖσαι
250 387 420 472 ἀλλήλαις,
453 386 500 452 δι’
531 382 578 452 ὧν
607 387 664 452 ἐὰν
694 386 781 472 ἀχθῇ
813 386 949 451 ε’πίπεδα
976 394 1141 451 ποιοῦντα

126 493 299 578 ἐλλείψεις,
331 497 436 577 ἔσται,
466 495 511 570 ὡς
527 496 574 559 τὸ
603 494 667 558 ἀπὸ
695 503 752 577 τῆς
782 498 847 558 ΘΑ
875 492 1053 579 διαμέτρου
1081 502 1142 577 τῆς

126 599 299 679 ἐλλείψεως
320 602 403 684 πρὸς
426 602 462 665 τὸ
486 599 550 665 ἀπὸ
573 610 631 685 τῆς
649 606 681 665 A
688 604 724 684 Γ,
748 598 898 665 τουτέστι
915 601 998 687 πρὸς
1016 602 1054 665 τὸ
1075 599 1140 665 άπὸ

91 716 182 791 στῆς
206 712 368 790 συζυγοῦς
391 705 489 793 ἑαυτῇ
513 693 700 794 διαμέτρου,
724 708 830 782 οὕτως
852 708 889 772 τὸ
912 706 976 772 ἀπὸ
998 716 1055 790 τῆς
1073 710 1147 771 ΚΓ

126 814 303 901 διαμέτρου
326 824 383 898 τῆς
407 814 580 893 ἐλλείψεως
602 816 685 901 πρὸς
707 815 744 878 τὸ
772 813 835 879 άπὸ
860 822 918 896 τῆς
941 817 1020 897 ΑΓ,
1044 837 1141 879 τουτ-

125 919 215 985 έστιν
247 921 292 997 ὡς
325 923 362 987 τὸ
395 921 458 986 ἀπὸ
491 931 548 1005 τῆς
578 925 649 985 ΚΓ
675 919 852 1007 διαμέτρου
880 929 938 1004 τῆς
965 920 1141 998 ἐλλείψεως

124 1029 207 1114 πρὸς
237 1030 274 1094 τὸ
303 1028 365 1092 ἀπὸ
396 1037 453 1111 τῆς
480 1032 642 1109 συζυγοῦς
670 1026 856 1112 διαμέτρου.
907 1028 944 1091 αί
969 1029 1032 1113 ἀρα
1060 1031 1139 1111 ΚΓ,

125 1139 193 1200 ΑΘ
215 1133 387 1218 διάμετροί
407 1136 492 1199 εἰσιν
515 1135 638 1219 ὁμοίων
662 1134 847 1212 ἐλλείψεων.

71 1272 106 1320 10
190 1261 326 1324 Κείσθω
359 1259 460 1324 πάλιν
491 1258 511 1341 ἡ
539 1262 733 1346 καταγραφὴ
764 1268 823 1323 τοῦ
851 1260 976 1342 κώνου,
1004 1257 1059 1323 καὶ
1088 1258 1140 1324 ε’κ-

123 1369 303 1450 βληθείσης
325 1374 383 1449 τῆς
402 1369 462 1430 ΓΒ
487 1363 540 1430 ἐπὶ
562 1366 688 1452 θάτερα
711 1365 788 1430 δέον
812 1369 894 1431 ἔστω
918 1363 973 1430 ἀπ’
995 1364 1140 1449 ἀμφοτέ-

124 1495 193 1554 ρων
229 1483 296 1536 τῶν
331 1483 441 1558 μερῶν
477 1472 613 1555 ἀγαγεῖν
650 1472 786 1537 ἐπίπεδα
823 1481 985 1536 ποιοῦντα
1022 1473 1139 1557 ὁμοίας

124 1578 292 1654 ἐλλείψεις.

190 1686 320 1769 διήχθω
348 1708 398 1761 τις
425 1687 472 1762 είς
499 1686 557 1750 τὸν
580 1687 703 1751 κύκλον
726 1686 842 1750 εὐθεῖα
865 1686 1076 1771 παράλληλος
1098 1693 1138 1769 τῇ

73 1803 106 1853 15
126 1795 193 1856 ΒΓ
214 1791 234 1874 ἡ
259 1796 337 1875 ΠΡ,
365 1790 421 1856 καὶ
448 1791 688 1875 ἐπιζευχθεῖσαι
720 1794 757 1856 αι’
782 1797 868 1875 AH,
892 1795 959 1855 ΑΡ
985 1791 1138 1874 ἐκβεβλή-

124 1905 263 1964 σθωσαν
286 1897 339 1963 ἐπὶ
362 1899 402 1962 τά
421 1904 460 1983 Σ,
485 1902 514 1962 Τ
529 1909 658 1981 σημεῖα·
696 1898 740 1974 ὡς
763 1901 826 1980 άρα
849 1897 869 1980 ἡ
890 1902 961 1962 ΑΣ
976 1898 1060 1981 πρὸς
1078 1899 1139 1982 τὴν

124 2011 206 2089 ΣΠ,
230 2005 335 2081 οὕτως
357 2004 378 2087 ἡ
398 2008 470 2069 AT
487 2006 570 2091 πρὸς
592 2006 653 2088 τὴν
677 2008 741 2068 ΤΡ.
778 2003 832 2068 καὶ
857 2005 901 2080 ὡς
924 2006 988 2090 άρα
1011 2005 1048 2069 τὸ
1073 2004 1137 2070 ἀπὸ

124 2120 181 2195 τῆς
204 2117 276 2176 ΑΣ
300 2113 383 2198 πρὸς
409 2113 446 2176 τὸ
466 2111 539 2176 Ιὑπὸ
568 2121 635 2175 τῶν
663 2116 746 2193 ΑΣ,
770 2115 856 2194 ΣΠ,
883 2107 1032 2175 τουτέστι
1055 2113 1139 2196 πρὸς

124 2218 160 2283 τὸ
184 2218 249 2283 ὑπὸ
273 2229 340 2283 τῶν
365 2221 442 2301 ΓΣ,
461 2222 537 2301 ΣΒ,
561 2218 666 2293 οὕτως
686 2219 725 2282 τὸ
750 2216 813 2281 ἀπὸ
837 2226 894 2299 τῆς
912 2222 985 2282 ΛΤ
998 2220 1083 2303 πρὸς
1101 2220 1138 2285 τὸ

72 2336 105 2384 20
123 2324 189 2391 ὑπὸ
212 2336 279 2389 τῶν
298 2329 370 2409 ΛΤ,
390 2329 456 2408 ΤΡ,
480 2323 628 2389 τουτέστι
651 2326 733 2410 πρὸς
755 2325 792 2388 τὸ
815 2322 880 2389 ὑπὸ
899 2336 966 2389 τῶν
985 2329 1054 2408 ΒΤ,
1075 2329 1138 2391 ΤΓ.

125 2431 183 2496 έδιν
206 2433 270 2518 ἀρα
288 2444 360 2508 ταῖς
378 2437 458 2515 ΣΑ,
477 2437 509 2495 A
519 2435 549 2495 T
562 2433 793 2514 παραλλήλους
811 2430 945 2506 εὐθείας
964 2430 1139 2516 ἀγάγωμεν

124 2538 161 2603 ἐν
183 2548 228 2626 τῷ
252 2540 414 2626 τριγώνῳ,
437 2539 482 2614 ὡς
505 2538 563 2613 τὰς
585 2542 657 2620 ΒΓ,
683 2541 762 2618 ΓΦ,
785 2535 840 2601 καὶ
864 2535 909 2601 δι’
935 2538 1046 2603 αὐτῶν
1070 2538 1139 2603 ἐπί-

124 2645 208 2708 πεδα
234 2653 395 2708 ποιοῦντα
418 2645 592 2726 ἐλλείψεις,
616 2646 746 2708 ἔσονται
770 2644 826 2707 διά
849 2645 889 2708 τδι
911 2644 1070 2721 πολλάκις
1094 2647 1139 2711 εί-

125 2746 249 2836 ρημένα
279 2751 316 2813 αί
343 2754 420 2833 ΒΤ,
448 2754 514 2815 ΓΦ
542 2749 672 2814 εὐθεῖαι
702 2750 826 2835 ὁμοίων
856 2750 1033 2828 ἐλλείψεων
1066 2752 1140 2816 διά-

71 2869 105 2918 25
124 2880 246 2942 μετροι.

190 2980 258 3047 Καὶ
285 2984 446 3066 φανερόν,
465 2955 520 3046 Ιὅτι
548 2992 587 3068 τῇ
616 2981 679 3046 ἀπὸ
707 2990 767 3045 τοῦ
797 2980 900 3046 αὐτοῦ
926 2981 1048 3066 μέρους
1070 2994 1139 3049 τῶν

126 3090 250 3174 ὁμοίων
274 3087 450 3166 έλλείψεων
478 3091 617 3175 συζυγίᾳ
640 3090 769 3170 γίνεταί
789 3110 839 3164 τις
862 3088 959 3173 ὁμοία
983 3088 1046 3154 άπὸ
1070 3101 1139 3154 τῶν

125 3194 359 3280 ἀντικειμένων
386 3206 495 3281 μερῶν
522 3194 646 3278 ὁμοίων
670 3195 848 3272 ἐλλείψεων
871 3198 1024 3279 συζυγία,
1047 3194 1139 3259 ἀντι-

194 3359 218 3408 λ,
239 3352 372 3476 έπίπεδαὲ
391 3325 526 3407 έπέπεδοά
545 3368 567 3405 c.
651 3359 675 3406 ὃ.
695 3353 839 3424 συζυγοίις]
860 3348 986 3418 συζυγοῦς
1004 3352 1037 3407 V.
1112 3358 1138 3406 6.

122 3422 272 3491 διαμέτρου
291 3432 340 3493 τῆς
372 3425 514 3494 λλείψεως]
535 3439 615 3477 euan.
630 3442 656 3492 p.
733 3421 886 3495 τουτέστιν]
905 3420 1028 3478 τουτέστι
1046 3442 1073 3493 p.

148 3499 167 3544 7,
189 3495 231 3556 ὡς
245 3527 280 3535 -
295 3495 458 3568 ἐλλείψεως]
479 3512 532 3552 om.
547 3513 574 3566 p.
632 3499 658 3549 8.
678 3496 822 3566 ονζυγοῦς]
841 3515 884 3550 -ο-
903 3511 917 3548 e
936 3511 1005 3549 corr.
1020 3513 1056 3548 m.
1073 3500 1087 3548 1
1103 3495 1137 3564 V,
