2430 3854
121 149 184 212 168
430 151 517 202 ΠΕΡΙ
534 150 663 203 mm
682 151 817 203 τοΜΗΣ.

120 300 174 376 ἴση
198 289 282 359 οὖσα
304 303 343 378 τῇ
362 298 395 357 Δ
402 298 429 357 Ζ
453 293 596 359 ἐλάττων
620 292 688 359 ἐστὶ
711 303 769 377 τῆς
788 297 860 358 ΓΑ·
884 293 901 359 ὁ
921 296 985 377 ἄρα
1003 293 1130 382 κέντρῳ

120 410 165 486 τῷ
186 403 223 483 Γ,
247 401 441 484 διαστήματι
465 397 502 465 δὲ
524 410 569 488 τῷ
589 404 657 464 ΓΣ
677 403 884 487 γραφόμενος
902 401 1022 476 κύκλος
1043 413 1134 485 τεμεῖ

119 507 180 589 τὴν
202 508 276 571 ΑΓ.
321 504 463 590 τεμνέτω
485 507 568 572 κατὰ
590 508 627 571 τὸ
655 513 694 570 Υ·
727 504 795 589 ἥξει
818 508 882 593 ἄρα
909 508 965 571 διὰ
988 516 1046 591 τῆς
1069 512 1136 571 ΡΤ

120 616 337 699 περιφερείας.
374 611 550 696 τέμνουσιν
568 615 633 696 ἄρα
652 612 814 696 ἀλλήλους
832 611 887 677 καὶ
906 614 941 677 ολ
956 616 1035 698 ΚΛ,
1053 619 1136 679 ΜΝ

86 720 244 784 ὀκύκλοι.

596 843 660 909 κα’.

185 966 261 1034 Ἐὰν
289 969 351 1033 δύο
379 972 524 1054 τρίγωνα
552 968 746 1054 ιἰνισοσκελῆ
775 970 832 1046 τας
855 994 889 1035 τε
916 970 1030 1053 βάσεις
1059 975 1132 1044 ἴσας

122 1077 188 1160 ἔχῃ,
213 1078 269 1161 ἔχῃ
293 1072 330 1140 δὲ
351 1073 406 1139 καὶ
429 1077 487 1151 τὰς
510 1075 573 1141 ἀπὸ
593 1085 650 1159 τῆς
672 1085 822 1161 κορυφῆς
845 1075 897 1142 ἐπὶ
919 1078 980 1160 τὴν
1004 1077 1132 1160 διχοτο-

122 1184 203 1264 μίαν
225 1190 282 1265 τῆς
304 1181 431 1264 βάσεως
452 1180 596 1266 ἡμμένας
618 1182 751 1259 εὐθείας
775 1188 856 1268 ἴσας,
879 1192 939 1247 τοῦ
959 1183 1133 1259 ἐλάττονος

70 1303 104 1351 10
122 1286 142 1370 ἡ
162 1291 280 1372 μείζων
297 1289 424 1373 πλευρὰ
441 1289 524 1368 πρὸς
542 1290 604 1372 τὴν
623 1288 779 1353 ἐλάττονα
797 1293 928 1373 μείζονα
947 1293 1048 1371 λόγον
1068 1293 1133 1373 ἔχει

122 1394 204 1479 ἥπερ
224 1395 243 1478 ἡ
263 1403 322 1459 τοῦ
341 1397 488 1478 μείζονος
505 1398 623 1478 μείζων
642 1396 767 1478 πλευρὰ
785 1397 868 1480 πρὸς
886 1397 946 1479 τὴν
965 1396 1132 1460 ἐλάττονα.

190 1504 271 1565 ἔστω
295 1504 440 1586 τρίγωνα
462 1503 502 1565 τὰ
526 1505 634 1585 ΑΒΓ,
657 1506 764 1566 ΕΖΗ
785 1509 857 1578 ἴσας
880 1505 995 1586 έχοντα
1018 1502 1077 1578 τάς
1100 1527 1134 1566 τε

123 1610 198 1691 ΑΓ,
221 1612 295 1672 ΕΗ
322 1607 434 1690 βάσεις
466 1608 541 1691 δίχα
568 1607 766 1692 τετμημένας
792 1609 874 1672 κατὰ
901 1610 941 1672 τὰ
964 1615 997 1673 Δ
1024 1607 1080 1673 καὶ
1106 1615 1135 1673 Θ

125 1725 256 1798 σημεῖα,
281 1719 349 1778 ἴσαι
373 1711 409 1778 δὲ
433 1717 579 1779 ἔστωσαν
602 1713 657 1779 καὶ
681 1716 718 1779 αλ
736 1719 819 1798 ΒΛ,
840 1719 916 1798 ΖΘ,
944 1716 999 1780 καὶ
1022 1720 1134 1800 μεῖζον

72 1833 105 1881 15
124 1821 160 1885 τὸ
180 1823 288 1885 ΕΖΗ
302 1823 476 1907 τρίγωνον,
500 1824 581 1886 ἔστω
601 1818 638 1885 δὲ
657 1821 677 1905 ἡ
696 1818 756 1905 μέν
770 1827 834 1886 AB
854 1831 912 1905 τῆς
925 1826 992 1886 ΒΓ
1006 1827 1134 1906 μείζων,

124 1927 144 2012 ἡ
169 1924 205 1992 δὲ
223 1931 286 1991 ΕΖ
309 1937 367 2010 τῆς
386 1932 462 1992 ΖΗ.
500 1925 594 2010 λέγω,
618 1927 668 1992 ὅτι
690 1927 711 2010 ἡ
730 1933 794 1993 AB
818 1930 900 2014 πρὸς
919 1932 986 1993 ΒΓ
1003 1933 1135 2012 μείζονα

126 2038 226 2117 λόγον
249 2037 314 2118 έχει
337 2035 419 2119 ἥπερ
443 2034 462 2118 ἡ
486 2038 549 2098 ΕΖ
572 2035 655 2120 πρὸς
679 2039 754 2098 ΖΗ.

30 2141 31 2144 ’
192 2142 223 2205 εί
244 2142 306 2227 γὰρ
330 2143 384 2224 μή,
407 2141 480 2223 ἤτοι
503 2141 562 2204 τὸν
586 2140 688 2204 αὐτὸν
710 2139 731 2224 ἢ
755 2140 920 2206 ἐλάττονα.

192 2250 273 2312 ἔστω
293 2242 355 2313 οὖν
373 2250 544 2333 πρότερον,
564 2249 594 2311 ελ
611 2247 766 2331 δυνατόν,
786 2247 863 2330 ὡςὴ
879 2252 943 2312 ΑΒ
962 2249 1046 2331 πρὸς
1062 2251 1136 2330 ΒΓ,

72 2366 107 2413 20
126 2354 232 2430 οὕτως
253 2352 273 2436 ἡ
298 2357 362 2418 ΕΖ
384 2353 467 2438 πρὸς
491 2355 567 2416 ΖΗ.
605 2353 649 2428 ὡς
672 2354 734 2437 ἄρα
758 2355 795 2418 τὸ
819 2353 881 2418 ἀπὸ
901 2359 968 2419 ΑΒ
992 2356 1075 2438 πρὸς
1097 2356 1135 2418 τὸ

125 2460 188 2526 ἀπὸ
212 2463 289 2543 ΒΓ,
323 2460 428 2536 οὕτως
454 2461 490 2524 τὸ
519 2459 582 2524 ἀπὸ
610 2463 673 2524 ΕΖ
701 2461 783 2543 πρὸς
810 2462 847 2524 τὸ
876 2460 939 2526 ἀπὸ
965 2466 1045 2525 ΖΗ·
1078 2460 1133 2526 καὶ

126 2564 286 2632 συνθέντι
310 2568 374 2652 ἅμα
401 2563 457 2630 καὶ
481 2564 634 2648 ἐναλλάξ,
667 2566 712 2643 ὡς
734 2571 987 2652 συναμφότερον
1009 2570 1046 2632 τὸ
1071 2567 1136 2632 ἀπὸ

125 2678 208 2756 ΑΒ,
228 2675 295 2737 ΒΓ
314 2674 396 2758 πρὸς
419 2675 672 2755 συναμφότερον
694 2674 731 2737 τὸ
756 2672 818 2738 ἀπὸ
841 2678 919 2758 ΕΖ,
940 2679 1022 2758 ΖΗ,
1048 2675 1135 2738 οὕτω

126 2781 162 2844 τὸ
187 2778 250 2843 ἀπὸ
270 2781 337 2843 ΒΓ
354 2779 437 2864 πρὸς
460 2778 496 2842 τὸ
521 2777 584 2843 ἀπὸ
606 2783 680 2843 ΖΗ.
718 2778 801 2844 ἀλλὰ
824 2784 1078 2867 συναμφότερον
1098 2783 1136 2845 τὸ

197 3013 221 3060 1.
242 3004 422 3077 ἐλάττωνξρ,
450 3005 561 3061 ἔλαττον
582 3007 636 3062 Vc.
723 3014 749 3062 4.
773 3005 837 3078 καί]
861 3024 914 3061 om.
933 3027 960 3077 p.
1052 3013 1077 3062 5.
1102 3010 1139 3073 κζ

125 3097 181 3202 λλ·
200 3094 309 3204 λλλ·
328 3077 361 3133 v.
406 3082 442 3202 ολ·
462 3077 572 3220 λλξλ
589 3078 706 3203 λ’λλ
726 3097 761 3133 ¹¹³·
781 3079 961 3221 λοξολλ
977 3079 1134 3204 λλελλ·

126 3151 204 3274 καΙξ.
222 3168 370 3290 τρέγένον]
389 3193 525 3289 τρέμωνον
543 3166 735 3289 vog’ABP'p.
817 3226 857 3274 16.
878 3195 1017 3292 ΒΓξτὴν
1038 3225 1092 3275 ΒΓ
1107 3170 1135 3290 ξ

163 3298 204 3347 17.
226 3293 297 3362 ΖΗ]
317 3291 368 3360 τὴν
390 3294 447 3344 ΖΗ
462 3309 489 3359 p.
572 3295 614 3343 18.
634 3289 779 3363 ἐλάττονα]
799 3291 933 3348 ἐλάττονα
952 3291 1006 3358 ἕξει
1025 3292 1137 3361 Halley.

162 3369 204 3416 20.
224 3360 322 3486 οὕτως,
342 3378 394 3416 om.
413 3381 440 3430 p.
487 3439 498 3450 „
518 3366 560 3414 21.
581 3359 677 3434 οὕτως]
697 3379 755 3452 οπο,
769 3381 795 3432 p.
844 3370 918 3453 x22.
937 3364 990 3456 καὶ,
1006 3362 1136 3454 ἐναλλάξ]

96 3466 99 3472 ·
122 3450 176 3485 ον),
193 3451 223 3500 p.
324 3431 371 3503 τό]
391 3432 447 3486 ἀπὸ
466 3451 514 3501 της
531 3450 558 3500 p.
640 3439 682 3487 23.
702 3436 782 3505 προς]
801 3453 871 3502 προς
888 3435 920 3489 τὸ
939 3454 996 3489 ατο
1015 3455 1065 3504 της
1084 3439 1142 3488 ΒΓ

24 3506 28 3511 ’
106 3499 183 3552 οὕτω
195 3519 228 3568 p.
291 3503 367 3576 ἀπό]
384 3503 442 3560 ἀπὸ
462 3511 512 3576 τῆς
529 3523 557 3576 p.
622 3503 709 3578 οὕτωξ
725 3506 795 3576 πρὸς
812 3506 844 3560 ιο
863 3507 919 3560 ἀπὸ
936 3515 985 3574 τῆς
1006 3511 1071 3574 ΖΗ,
1088 3506 1138 3561 καὶ
