2430 3854
372 179 422 229 DE
441 178 618 230 SECTIONE
637 179 815 232 CYLINDRI.
1057 179 1098 242 57

90 318 154 383 erit
181 318 259 384 EZ²
274 352 314 373 =
332 324 407 404 ΓΘ,
436 322 522 406 quod
549 322 665 386 leriiao
693 320 929 405 proportionali
954 325 1025 386 ΓΗ
1048 325 1101 388 ad-

89 426 248 511 plicatum
277 433 327 492 esi
352 428 559 493 latitudinem
586 428 708 492 habens
734 431 800 492 ΖΓ
818 427 969 492 deficiens
992 430 1099 513 spatio

93 537 162 598 ΘΚ
174 550 215 601 ><
230 537 307 598 KH
326 534 425 599 simili
447 535 637 620 rectangulo
661 540 694 598 Δ
700 536 733 598 Γ
741 550 784 602 ><
800 537 870 598 ΓΗ
871 561 880 612 ;
904 557 984 618 quac
1008 540 1100 599 orani

92 641 350 705 demonslranda.

157 746 247 812 Haec
275 747 539 812 manifcslissimc
563 748 685 832 ellipsis
709 748 841 832 propria
864 748 1102 832 adgnosceban-

90 859 146 918 lur
173 853 209 918 in
235 875 325 938 prop.
354 853 416 918 XV
445 851 639 918 (lonicorum
667 853 832 938 [Apollon.
861 853 890 938 I,
920 853 990 940 15];
1021 875 1099 938 ergo

92 963 197 1024 ΑΒΓ
216 960 317 1024 sectio
342 960 478 1044 cylindri
502 960 624 1045 ellipsis
648 965 705 1025 cst.

550 1155 636 1219 XIX.

160 1282 195 1348 Si
239 1284 275 1348 in
316 1282 458 1380 seclionc
500 1279 636 1365 cylindri
677 1283 784 1343 rectae
825 1279 866 1342 ad
907 1279 1100 1343 diametrum

92 1391 239 1456 ordinate
272 1391 446 1473 ducuntur,
478 1387 635 1470 quadrata
667 1408 778 1449 eorum
806 1390 901 1449 erunt
928 1385 968 1449 ad
996 1384 1101 1467 spatia

91 1497 324 1582 comprehensa
350 1495 449 1561 rectis
477 1494 518 1559 ab
545 1494 586 1557 iis
616 1493 655 1557 ad
683 1492 840 1556 lerminos
861 1491 974 1556 latoris
997 1495 1102 1554 drans-

90 1605 178 1668 uersi
215 1605 338 1688 figurae
374 1602 524 1686 abscisis,
560 1605 598 1664 ut
629 1600 715 1664 lalus
747 1603 873 1663 reclum
904 1599 1028 1683 figurae
1060 1598 1101 1662 ad

90 1716 328 1794 transuersum,
355 1709 442 1773 inter
471 1730 504 1772 sc
531 1712 653 1792 autom,
679 1709 717 1769 ut
740 1704 845 1788 spatia
869 1704 1101 1788 comprehensa

674 1812 771 1875 rectis
792 1810 939 1894 sumptis,
958 1809 1006 1874 uti
1021 1809 1103 1873 dixi-

675 1940 755 1981 mus.

645 2063 651 2073 ·
741 2023 784 2108 sil
824 2020 960 2107 cylindri
1001 2021 1102 2085 sectio

675 2132 823 2211 ΑΒΓΔ,
847 2128 1022 2192 diameirus
1046 2150 1102 2192 au-

597 2224 629 2272 A
674 2240 741 2299 tem
754 2235 822 2300 eius
836 2235 986 2316 lalusque
996 2236 1103 2296 lrans-

674 2362 805 2404 uersum
850 2339 974 2424 figurae
1022 2345 1102 2421 ΑΛ,

673 2451 799 2511 rectum
822 2449 931 2510 autem
958 2444 1045 2509 latus
1068 2446 1104 2508 fi-

675 2575 774 2638 gurae
798 2556 884 2635 AH,
915 2556 947 2616 et
971 2551 1010 2616 ad
1033 2558 1103 2616 ΑΔ

677 2659 822 2723 ordinate
848 2659 1006 2722 ducantur
1029 2663 1103 2741 BE,

80 2744 164 2822 ΖΓ.
216 2759 301 2845 dico,
333 2781 402 2824 csse
435 2759 1040 2832 BE21AE><EA=HAtAA
1071 2769 1103 2828 el

87 2863 808 2939 Bmzrz2=AE><Err÷Az><zn

160 2972 313 3055 quoniam
351 2973 451 3058 enim,
486 2979 523 3038 ul
560 2977 754 3059 quadratum
788 2978 921 3042 allerius
954 2976 1103 3041 diametri

89 3078 133 3142 ad
176 3079 369 3161 quadralum
410 3080 573 3163 diametri,
613 3082 661 3146 ila
698 3088 731 3147 et
767 3081 845 3147 ΒΕΞ
864 3107 871 3145 :
890 3087 959 3146 ΑΕ
975 3097 1018 3149 ><
1036 3087 1103 3146 ΕΔ

88 3185 198 3269 [prop.
217 3182 365 3268 XVl]cl
388 3190 461 3250 AH
482 3186 570 3251 latus
593 3191 718 3252 rectum
742 3188 781 3252 ad
803 3193 870 3254 ΑΔ
892 3188 978 3251 lalus
1001 3191 1104 3250 trans·

88 3312 225 3355 uersum
249 3290 354 3375 [prop.
373 3290 498 3375 XVH]‚
522 3292 598 3378 erit,
619 3293 765 3359 utlaius
789 3316 842 3358 rec
844 3298 915 3357 lum
938 3293 978 3357 ad
1000 3297 1104 3357 trans-

128 3447 396 3520 roawravmnp
460 3455 501 3503 21
520 3450 787 3522 aramme
850 3456 897 3503 ‘n
918 3450 1121 3517 seynae

127 3520 193 3590 ΑΔ]
212 3525 262 3573 ΑΒ
280 3519 360 3589 ch,
381 3536 447 3576 corr
466 3519 570 3578 Oomrn.
