2430 3854
122 157 163 221 96
392 158 479 208 ΠΕΡΙ
497 156 711 208 ΚΤΛΙΝΔΡΟΤ
730 156 867 208 ΤΟΜΗΣ.
970 179 973 184 ·

122 304 204 366 ὥστε
224 299 279 365 καὶ
297 309 336 386 τῇ
356 302 493 385 δοθείσῃ
513 301 658 365 δυνατὸν
676 311 764 386 τρεῖς
782 299 897 383 ὁμοίας
914 301 1135 384 πορίσασθαι·

121 411 175 473 δεῖ
195 405 232 472 δέ
251 409 311 492 τὴν
330 408 490 472 δοθεῖσαν
508 408 588 490 μήτε
605 406 808 470 ὑπεναντίαν
827 400 925 470 εἶναι·
949 406 1052 490 ταύτη
1072 408 1135 492 γάρ

122 515 259 599 οὐδεμία
300 517 494 578 συνίσταται
535 513 633 596 ὁμοία
670 514 758 597 πλήν
794 522 862 576 τῶν
899 515 1135 598 παραλλήλων·

121 623 201 706 μήτε
229 623 290 704 τήν
320 619 498 704 διάμετρον
525 619 627 703 αὐτῆς
653 619 866 705 παράλληλον
894 615 978 683 εἶναι
1006 629 1047 705 τῇ
1079 620 1137 683 διά

87 737 189 792 ὁτῶν
216 733 248 792 Ε
273 724 328 791 καὶ
356 732 388 790 Α
416 724 559 811 ἀγομένη
588 725 704 812 εὐθείᾳ
731 725 767 790 έν
794 735 834 811 τῇ
856 735 1053 811 καταγραφῇ
1076 736 1137 791 τοῦ

121 835 245 899 κώνου·
276 834 422 918 μονήρης
448 833 511 918 γάρ
535 829 590 896 καὶ
613 831 695 913 αὐτη
720 832 836 898 διὰτὸ
859 834 921 916 τήν
944 833 1000 897 διά
1023 842 1083 897 τοῦ
1107 839 1139 897 Ε

122 950 161 1025 τη
181 946 250 1005 ΑΛ
267 939 480 1026 παράλληλον
501 936 666 1022 ἀγομένην
685 936 914 1023 ἐφαπτομένην
932 947 992 1003 τοῦ
1010 941 1137 1004 κύκλου

121 1049 253 1112 πίπτειν
276 1045 368 1122 ἐκτὸς
390 1043 446 1109 καὶ
468 1047 512 1129 μή
536 1040 689 1132 εἶναιτῷ
712 1050 745 1108 Ε
765 1056 902 1128 σημεῖον
925 1047 1068 1128 σύζυγον
1093 1047 1138 1122 ὡς

122 1151 624 1241 τῷΞτὸΟήτῷΖτὸΗ.

71 1465 105 1513 10
191 1451 276 1539 Περὶ
304 1449 364 1536 μὲν
392 1448 453 1518 οὐν
480 1461 540 1516 τοῦ
563 1451 783 1539 προτεθέντος
805 1452 885 1537 ήμίν
907 1456 1140 1539 προβλήματος

125 1559 188 1624 ἀπὸ
212 1562 376 1625 πλειόνων
400 1558 538 1644 ἀρκείτω
562 1556 617 1623 καὶ
635 1560 675 1623 τά
694 1558 858 1646 είρημένα,
883 1560 952 1646 ὥρα
971 1557 1005 1623 δ’
1027 1559 1138 1643 ἀνείη

123 1672 306 1752 μετελθεῖν,
331 1663 384 1750 ἐφ’
410 1665 490 1749 ὅπερ
515 1665 635 1752 ἀρτίως
659 1664 914 1749 ἐπηγγειλάμην·
942 1665 1078 1754 ἀφορμή
1103 1667 1142 1733 δέ

124 1796 180 1857 μοι
202 1781 260 1856 τής
283 1772 464 1856 μελλούσης
488 1771 632 1850 σκέψεως
655 1773 716 1836 οὐκ
740 1774 889 1858 ἄκαιρος,
917 1776 986 1838 ἔστι
1010 1770 1047 1838 δὲ
1071 1775 1139 1858 ήδε.

190 1882 329 1944 Πείθων
357 1878 375 1944 δ
402 1877 587 1964 γεωμέτρης
614 1878 651 1943 έν
678 1878 908 1965 συγγράμματι
936 1877 1057 1945 ἑαυτοῦ
1082 1883 1140 1959 τὰς

75 1997 107 2045 15
125 1988 358 2072 παραλλήλους
372 1983 598 2068 ἐξηγούμενος,
613 1977 663 2060 οἷς
681 1981 741 2069 μὲν
755 1985 938 2069 Εὐκλείδης
958 1981 1059 2071 εἶπεν,
1079 1989 1140 2054 οὐκ

125 2091 283 2180 ήρκέσθη,
304 2092 497 2178 σοφώτερον
516 2088 552 2155 δὲ
571 2089 616 2155 δι’
636 2091 877 2175 ὑποδείγματος
894 2091 996 2168 αὐτάς
1016 2093 1139 2178 ἐσαφή-

125 2216 210 2264 νισε·
230 2197 312 2282 φησὶ
331 2198 394 2285 γδιρ
413 2199 471 2273 τάς
483 2199 715 2284 παραλλήλους
729 2198 862 2274 εὐθείας
875 2193 961 2264 εἶναι
975 2209 1139 2284 τοιοῦτον,

127 2306 198 2382 οἵας
221 2304 258 2369 έν
275 2316 345 2381 τοῖς
365 2307 488 2388 τοίχοις
506 2302 526 2387 ή
545 2314 590 2392 τῷ
610 2303 725 2388 ἐδάφει
743 2305 801 2381 τὰς
818 2316 886 2369 τῶν
904 2307 1028 2370 κιόνων
1046 2309 1141 2383 σκιάς

127 2413 255 2499 ὁρῶμεν
285 2409 548 2496 ἀποτελουμένας
577 2412 649 2493 ήτοι
677 2411 846 2495 λαμπάδος
876 2412 966 2488 τινὸς
997 2410 1052 2476 ἀπ’
1084 2413 1140 2478 άν-

74 2529 108 2578 20
126 2520 221 2605 τικρύ
251 2516 426 2602 καιομένης
455 2516 475 2600 ή
505 2518 639 2600 λύχνου.
691 2518 819 2582 τούτων
849 2515 886 2582 δὲ
916 2520 947 2582 εί
974 2516 1030 2582 καὶ
1059 2529 1139 2585 πᾶσι

127 2630 282 2689 πλεῖστον
308 2623 442 2710 παρέχει
465 2624 667 2707 κατάγελων,
691 2623 774 2689 ἀλλά
796 2623 876 2707 ἡμῖν
899 2625 938 2688 οὐ
962 2625 1140 2708 καταγέλα-

128 2748 208 2795 στον
237 2731 329 2793 αίδοῖ
356 2739 415 2794 τοῦ
446 2732 663 2816 γεγραφότος·
696 2734 794 2814 φίλος
820 2731 882 2816 γάρ
911 2729 1005 2817 ἁνήρ.
1058 2733 1140 2799 ἀλλά

128 2832 299 2918 σκεπτέον,
322 2835 409 2912 ὅπως
431 2837 468 2901 τὸ
492 2844 645 2901 τοιοῦτον
668 2840 732 2921 ἔχει
755 2842 1003 2922 μαθηματικῶς·
1036 2842 1140 2905 οίκεία

129 2938 164 3006 δὲ
192 2940 212 3024 ή
240 2939 353 3019 σκέψις
380 2954 450 3019 τοῖς
473 2942 620 3007 ἐνταῦθα
642 2942 980 3030 προτεθεωρημένοις·
1011 2943 1057 3009 δι’
1084 2946 1140 3012 αὐ-

77 3063 110 3110 25
129 3060 196 3113 τῶν
219 3049 281 3135 γάρ
306 3046 580 3132 ἀποδειχθήσεται
603 3050 640 3114 τὸ
663 3052 889 3137 προκείμενον.

201 3302 224 3350 6.
245 3295 379 3368 μονήρης]
398 3283 522 3365 μδνήρης
539 3295 572 3350 V.
646 3302 670 3350 9.
689 3300 727 3368 τῷ
741 3297 814 3368 (pr.)]
834 3313 902 3350 corr.
923 3312 957 3349 ex
973 3296 1006 3351 τό
1025 3317 1062 3354 m.
1083 3305 1097 3353 1
1117 3316 1137 3352 c.

165 3369 205 3438 Ξ]
225 3384 298 3437 vop,
318 3383 386 3421 corr.
403 3366 612 3423 eme.1V.
669 3364 1137 3438 12.ἀρτίως]ορ,-ρ-εοοω.λί,

122 3437 229 3500 ἀντίως
247 3456 270 3492 τ.
317 3444 388 3510 Ἰ13.
407 3440 467 3511 μοι]
487 3454 539 3492 om.
558 3457 585 3508 p.
655 3443 696 3494 14.
717 3440 845 3511 Πείθων]
864 3460 894 3494 -ν
914 3455 994 3494 euan.
1014 3459 1042 3511 p.
1099 3447 1137 3496 17.

110 3510 262 3580 τοιοῦτον]
274 3510 332 3582 Vc,
349 3511 534 3585 τοιαύταςρῗ
589 3515 633 3568 18.
648 3507 849 3582 οἵαςήουεορ,
903 3511 1137 3586 λύτούτωνΠο,
