2430 3854
296 774 423 848 ΠΕΡΙ
448 772 752 848 ΚΤΛΙΝΔΡΟΤ
778 773 972 848 ΤΟΜΗΣ.
1014 769 1017 774 ’

196 949 351 1024 Πολλοὺς
373 947 472 1032 δρῦν,
496 943 521 1011 ώ
541 949 617 1031 φίλε
636 950 737 1032 Κῦρε,
760 958 827 1011 τών
845 945 920 1031 περὶ
939 951 1143 1033 γεωμετρίαν

130 1052 428 1139 ἀναστρεφομένων
447 1051 619 1136 οἰομένους
637 1055 698 1137 τὴν
717 1062 776 1117 τοῦ
795 1055 978 1138 κυλίνδρου
996 1058 1143 1135 πλαγίαν

132 1162 236 1244 τομὴν
264 1158 378 1246 ἑτέραν
405 1154 490 1224 εἶναι
517 1169 574 1243 της
601 1169 661 1224 τοῦ
685 1161 795 1225 κώνου
818 1169 918 1244 τομης
941 1169 998 1243 της
1021 1166 1141 1225 καλου-

96 1281 113 1328 5
132 1264 232 1351 μένης
257 1266 430 1345 ἐλλείψεως
455 1265 631 1331 ἐδικαίωσα
651 1269 694 1350 μὴ
718 1275 837 1351 χρῆναι
860 1277 1018 1352 περιορᾶν
1041 1266 1142 1349 ἀγνο-

131 1381 251 1450 οῦντας
279 1374 400 1450 αὐτούς
427 1396 462 1437 τε
489 1371 545 1437 καὶ
568 1375 646 1448 τοὺς
667 1371 725 1437 ὑπ’
751 1373 861 1437 αῦτών
890 1374 975 1438 οὕτω
1000 1385 1143 1459 φρονεῖν

130 1479 442 1564 ἀναπεπεισμένους·
466 1482 573 1543 καίτοι
593 1476 718 1556 δόξειεν
736 1477 778 1543 ἀν
797 1478 895 1543 παντὶ
913 1482 1036 1562 ἀλογον
1054 1474 1140 1544 εἶναι

129 1584 313 1669 γεωμέτρας
349 1609 386 1667 γε
422 1587 520 1662 ὄντας
551 1583 626 1671 περὶ
658 1594 877 1671 γεωμετρικοῦ
909 1587 1141 1671 προβλήματος

129 1694 209 1757 ἀνευ
242 1690 437 1769 ἀποδείξεως
469 1691 719 1775 ἀποφαίνεσθαί
748 1714 778 1755 τι
810 1690 865 1755 καὶ
901 1697 1141 1774 πιθανολογεῖν

77 1811 110 1860 10
130 1797 272 1881 ἀτεχνῶς
318 1798 493 1883 ἀλλότριον
538 1800 736 1883 γεωμετρίας
776 1807 910 1882 πρᾶγμα
950 1807 1140 1875 ποιοῦντας.

129 1906 216 1989 ὅμως
239 1903 273 1969 δ’
299 1901 371 1989 οὖν,
396 1904 524 1989 ἐπείπερ
549 1903 654 1980 οὕτως
676 1904 908 1988 ὑπειλήφασιν,
931 1905 1023 1989 ἡμεῖς
1043 1901 1079 1969 δὲ
1098 1906 1139 1970 οὐ

128 2015 377 2098 συμφερόμεθα,
400 2009 480 2096 φέρε
497 2022 721 2096 γεωμετρικῶς
740 2009 972 2096 ἀποδείξωμεν,
991 2013 1141 2096 ἀτιμίαν

126 2116 182 2181 καὶ
209 2121 270 2202 την
297 2118 402 2202 αὐτην
429 2115 500 2182 κατ’
530 2113 618 2194 εἶδος
646 2117 771 2201 ἀνάγκη
795 2121 948 2200 γίνεσθαι
973 2117 1009 2182 έν
1032 2117 1139 2202 ἀμφο-

127 2222 234 2308 τέροις
266 2235 335 2300 τοῖς
366 2225 507 2308 σχήμασι
538 2226 657 2308 τομην,
687 2232 733 2310 τῷ
765 2225 860 2311 κώνῳ
893 2222 976 2306 λέγω
1009 2223 1064 2289 καί
1092 2235 1138 2313 τῷ

74 2342 108 2391 15
127 2331 305 2418 κυλίνδρῳ,
329 2331 467 2395 τοιώσδε
485 2328 597 2414 μέντοι
616 2329 687 2393 ἀλλ’
710 2329 770 2412 οὐχ
789 2329 899 2404 ἀπλώς
917 2328 1138 2414 τεμνομένοις.

194 2436 301 2522 ὥσπερ
338 2434 375 2501 δέ
411 2439 446 2501 οί
480 2437 519 2500 τά
555 2437 679 2500 κωνικά
711 2436 1038 2521 πραγματευσάμενοι
1070 2437 1137 2500 τῶν

126 2547 276 2606 παλαιῶν
299 2542 360 2606 οὐκ
383 2542 595 2628 ἠρκέσθησαν
618 2552 656 2627 τῇ
679 2551 774 2626 κοινῇ
798 2541 910 2629 ἐννοίᾳ
933 2551 992 2609 τοῦ
1015 2543 1139 2625 κώνου,

126 2648 177 2713 ὅτι
204 2649 369 2732 τριγώνου
397 2647 666 2733 περιενεχθέντος
694 2647 905 2734 ὀρθογωνίου
935 2653 1137 2732 συνίσταντο,

125 2757 360 2840 περισσότερον
393 2751 429 2819 δὲ
460 2753 515 2818 καὶ
546 2756 813 2840 καθολικώτερον
841 2755 1137 2838 έφιλοτεγνήσαντο

71 2874 107 2923 20
126 2863 169 2945 μη
193 2863 297 2945 μόνον
320 2861 456 2947 ὀρθούς,
480 2862 562 2926 ἀλλά
585 2861 640 2926 καὶ
663 2865 848 2946 σκαληνοὺς
872 2862 1137 2945 ὑποστησάμενοι

124 2969 267 3051 κώνους,
299 2967 385 3032 οὕτω
416 2969 477 3052 χρὴ
507 2966 563 3032 καί
591 2967 689 3052 ἡμᾶς,
722 2967 832 3052 ἐπειδὴ
863 2971 1031 3053 πρόκειται
1061 2966 1137 3054 περὶ

124 3075 307 3159 κυλίνδρου
335 3084 435 3158 τομης
463 3074 717 3158 ἐπισκέψασθαι,
745 3077 788 3160 μη
817 3077 876 3140 τὸν
901 3075 1008 3159 ὀρθὸν
1031 3078 1137 3159 μόνον

125 3180 350 3267 ἀφορίσαντας
373 3179 424 3246 ἐπ’
445 3181 549 3245 αὐτοῦ
567 3188 737 3245 ποιεῖσθαι
755 3184 816 3266 την
834 3180 960 3263 σκέψιν,
980 3179 1062 3245 ἀλλά
1081 3179 1137 3245 καί

203 3380 226 3428 1.
257 3373 363 3444 ΠΕΡΙ]
392 3372 519 3439 Σερήνου
543 3370 606 3440 περί
629 3373 714 3442 va.
805 3377 898 3428 ΠΕΡΙ
919 3405 954 3412 -
981 3375 1135 3445 ΤΟΜΗΣ]

105 3454 163 3493 om,
186 3459 207 3495 e.
271 3451 295 3497 2.
319 3444 462 3516 Πολλούς]
481 3445 578 3509 ολλοάς
597 3461 620 3499 ο.
683 3451 706 3500 6.
725 3446 768 3517 τε]
786 3461 839 3500 om.
858 3463 884 3514 p.
941 3450 982 3498 11.
1003 3443 1087 3516 ὅμως]
1107 3463 1135 3514 p,
