2430 3854
135 173 201 236 230
449 174 536 228 ΠΕΡΙ
553 172 682 225 mov
699 173 835 225 ΤοιιΗΣ.

136 318 223 382 οὕτω
250 320 360 402 μεῖζον
386 318 424 381 τὸ
452 317 508 380 διὰ
535 325 593 400 τῆς
621 319 660 381 H
661 323 694 380 A
721 313 885 391 ἰσοσκελὲς
911 323 972 380 τοῦ
1001 316 1057 379 διδ
1086 323 1145 379 τοῦ

136 421 253 500 ἄξονος
276 425 474 498 ἰσοσκελοῦς.

204 526 298 594 εδίδ
325 533 395 614 μείζ
395 555 443 595 ων
379 528 490 612 ζὴ
513 533 585 593 ΗΘ
611 538 670 613 τῆς
697 528 732 594 ἐκ
754 537 815 594 τοῦ
837 526 991 613 κέντρου,
1021 530 1143 593 έστω“
1128 555 1146 612 ιχ

126 639 212 711 ΘΝ
226 635 451 723 ἐνηρμοσμένη
471 642 525 719 ἴση
543 645 583 721 τῇ
602 635 637 701 ἐκ
651 645 711 700 τού
724 634 874 722 κέντρου,
892 633 947 699 καὶ
962 634 1145 719 ἐπεζεύχθω

100 741 156 825 ὅὴ
179 748 266 827 ΝΑ,
293 741 349 808 καὶ
376 742 413 808 έν
439 753 485 831 τῷ
512 745 622 832 κύκλῳ
649 743 751 809 πᾶλιν
777 744 860 875 πρὸς
887 741 993 827 ὀρθὰς
1018 752 1058 828 τῇ
1083 746 1146 806 ΓΛ

134 847 155 932 ἡ
183 850 258 924 ΝΞ.
309 849 379 916 ἐπεὶ
411 847 473 916 οὖν
504 851 525 935 ἡ
554 850 620 915 ὑπὸ
647 855 752 915 ΝΘΒ
779 850 820 914 ού
848 852 966 934 μείζων
993 846 1063 913 ἐστὶ
1091 858 1146 932 τῆς

135 954 200 1021 ὑπὸ
227 962 293 1022 ΘΑ
300 962 343 1042 Β,
367 957 432 1041 ff
411 981 474 1043 κρυ
495 960 566 1021 ΝΘ
587 957 671 1043 πρὸς
690 961 752 1022 ΘΒ
776 955 934 1022 ε’λᾶττονα
957 958 1102 1037 λόγον’
1084 979 1147 1039 εχει

135 1063 218 1149 ἥπερ
240 1063 261 1146 ἡ
280 1068 352 1129 NA
374 1064 457 1150 πρὸς
475 1067 551 1127 AB.
588 1062 632 1138 ὡς
654 1059 691 1126 δὲ
709 1061 730 1145 ἡ
748 1067 820 1128 ΝΘ
837 1064 920 1149 πρὸς
940 1066 1018 1146 ΘΒ,
1041 1063 1146 1138 οὕτως

134 1166 241 1251 ἡΒΛ
262 1171 346 1257 πρὸς
363 1174 402 1235 Ν
404 1168 443 1242 Ξ·
467 1167 488 1251 ἡ
511 1169 575 1255 ἄρα
594 1173 660 1232 ΒΛ
681 1170 765 1253 πρὸς
782 1169 853 1243 ΝΞ
870 1167 1028 1234 έλᾶττονοι
1045 1172 1146 1253 λόγον

83 1288 118 1337 10
136 1279 202 1361 ἔχει
230 1279 313 1364 ἥπερ
340 1277 361 1359 ἡ
386 1281 458 1341 ΝΑ
485 1277 568 1362 πρὸς
591 1281 666 1340 AB.
712 1280 821 1360 μεῖζον
849 1278 913 1361 ἄρα
940 1276 977 1340 τὸ
1006 1276 1063 1339 διδι
1091 1286 1147 1358 τῆς

134 1386 211 1446 AN
231 1379 395 1459 ἰσοσκελὲς
417 1391 477 1447 τοῦ
501 1383 557 1446 διὰ
579 1391 639 1447 τοῦ
663 1380 780 1460 ἄξονος
799 1384 1002 1457 ἰσοσκελούς·
1025 1383 1064 1446 τὸ
1084 1384 1146 1467 ἄρα

135 1488 193 1551 διδι
224 1497 284 1552 τοῦ
317 1485 434 1565 ἄξονος
466 1485 631 1565 ἰσοσκελὲς
663 1489 702 1553 ού
733 1489 867 1553 πάντων
894 1485 1050 1571 μέγιστόν
1079 1487 1146 1552 ἐστι

135 1605 204 1658 τῶν
245 1593 427 1681 εἰρημένων
466 1596 655 1660 ἰσοσκελῶν.
715 1594 848 1679 ἐδείχθη
886 1593 938 1678 δέ,
979 1595 1030 1659 ὅτι
1069 1591 1147 1659 οὐδὲ

135 1699 319 1784 έλᾶχιστον·
366 1702 441 1766 ούτε
481 1702 546 1787 ἄρα
564 1700 566 1705 ’
586 1700 742 1785 μέγιστόν
783 1700 852 1765 ε’στι
893 1700 1028 1765 πάντων
1070 1700 1145 1765 ούτε

82 1820 116 1869 15
136 1806 322 1891 ἐλάχιστον·

608 1911 669 1998 με’.

201 2022 336 2097 Παντὸς
362 2022 472 2086 κώνου
501 2026 668 2105 σκαληνοῦ
695 2019 881 2103 δυνᾶμει’
863 2023 1010 2146 ριπείροιν
1038 2022 1146 2083 ὄντων

135 2135 203 2236 τῳν
235 2127 292 2191 διδ
322 2137 383 2192 τοῦ
415 2125 531 2205 ἄξονος
560 2129 732 2213 τριγώνων
759 2128 797 2191 αἱ
822 2126 884 2191 ἀπὸ
912 2134 970 2209 τῆς
996 2136 1147 2209 κορυφῆς

136 2240 196 2296 τοῦ
228 2233 339 2299 κώνου
371 2232 425 2299 ἐπὶ
457 2235 515 2310 τὰς
546 2235 658 2318 βᾶσεις
690 2244 757 2299 τών
787 2234 960 2362 τριχώνων
988 2231 1146 2316 ἀγόμεναι

82 2353 117 2402 20
135 2337 272 2404 κᾶθετοι
295 2349 397 2405 πᾶσαι
420 2339 514 2406 ε’πὶ
497 2342 571 2418 ενὸς
593 2341 717 2406 κύκλου
735 2338 948 2425 περιφέρειαν
966 2342 1146 2403 πίπτουσιν

128 2447 231 2522 ἄντος
262 2470 296 2512 τε
329 2447 366 2512 έν
397 2457 442 2536 τῳ
476 2448 564 2535 νώτῳ
597 2445 738 2535 ἐπιπέδῳ
771 2456 816 2532 τῳ
848 2455 905 2528 τῆς
931 2444 1060 2528 βάσεως
1086 2456 1146 2510 τοῦ

134 2553 246 2617 κώνου
264 2551 320 2618 καὶ
338 2553 413 2641 περὶ
433 2555 610 2640 διάμετρον
627 2554 688 2637 τὴν
708 2553 744 2618 ἐν
761 2562 807 2640 τῳ
827 2549 986 2638 εἰρημένῳ
1003 2551 1145 2641 ἐπιπέδῳ

135 2655 454 2745 ἄπολοιμβανομένην
481 2661 617 2727 εὐθεῖαν
643 2657 762 2744 μεταξὺ
786 2667 845 2723 τοῦ
868 2681 903 2722 τε
925 2657 1066 2743 κέντρου
1090 2669 1147 2743 τῆς

135 2762 262 2846 βᾶσεως
272 2764 328 2831 καὶ
342 2776 400 2850 τῆς
411 2767 475 2832 ἀπὸ
485 2777 543 2851 τῆς
551 2775 701 2854 κορυφῆς
716 2764 769 2831 ἐπὶ
778 2767 815 2830 τὸ
827 2764 982 2830 ἐπίπεδον
991 2765 1146 2831 κκθέτου.

82 2883 116 2933 25
203 2873 286 2936 ἔστω
304 2883 410 2949 κῶνος
428 2876 600 2957 σκαληνός,
619 2868 660 2938 οὗ
678 2874 809 2958 κορυφὴ
828 2869 888 2957 μὲν
902 2873 939 2936 τὸ
954 2879 986 2936 Α
1001 2884 1146 2956 σημεῖον,

134 2976 231 3061 βᾶσις
249 2975 286 3043 δέ
304 2979 322 3044 δ
341 2977 415 3067 περὶ
434 2980 471 3044 τὸ
489 2984 518 3044 Β
537 2977 676 3066 κέντρον
693 2980 823 3062 κύκλος,
845 2976 902 3043 καὶ
920 2978 1008 3056 ἄξων
1027 2979 1045 3044 δ
1066 2986 1098 3043 Α
1104 2984 1146 3059 Β,

136 3083 200 3150 ἀπὸ
224 3082 261 3150 δὲ
284 3094 343 3150 τοῦ
363 3091 396 3150 A
417 3085 558 3162 κάθετος
581 3083 633 3150 ἐπὶ
658 3085 694 3150 τὸ
717 3093 776 3168 τῆς
797 3083 924 3167 βάσεως
947 3083 1104 3149 ἐπίπεδον
1127 3084 1146 3166 ἡ

135 3197 168 3254 A
174 3195 210 3275 Γ,
233 3190 288 3257 κκὶ
312 3191 495 3276 ἐπεζεύχθω
518 3191 539 3275 ἡ
559 3194 637 3275 ΓΒ,
659 3201 699 3277 τῇ
718 3188 755 3255 δέ
775 3194 835 3254 ΓΒ
856 3189 919 3255 ἀπὸ
937 3198 998 3253 τοῦ
1016 3194 1046 3252 Β
1065 3192 1147 3272 πρὸς

136 3296 242 3383 ὀρθὰς
263 3299 358 3383 ἤχθω
383 3297 420 3362 ἐν
440 3307 486 3385 τῳ
510 3298 600 3386 αὐτῷ
624 3295 765 3385 ἐπιπέδῳ
787 3294 807 3378 ἡ
826 3300 908 3378 ΑΒ,
931 3304 1092 3377 τυχοῦσαι
1112 3292 1147 3360 δὲ

199 3453 480 3585 zwvffrfflc
560 3452 831 3544 δέκτούλλιίελλ.
909 3457 933 3505 8
954 3450 1089 3513 ὡςδέ-
1106 3458 1145 3507 10,

108 3525 183 3595 AB]
196 3543 252 3597 ΜΕ
273 3545 297 3597 Ρ
318 3531 362 3602 (κε
373 3532 488 3604 μενον)
583 3533 629 3585 21
655 3525 753 3597 &mx
772 3521 968 3587 ἄντεςἾο,ὶι
952 3541 1013 3574 στιν
1025 3541 1066 3587 ρ
1083 3540 1151 3574 om.
