2430 3854
134 162 196 226 126
445 164 532 214 ΠΕΡΙ
550 161 678 214 ΚΩΝΟΤ
696 164 831 215 ΤΟΜΗΣ.

199 310 280 371 ἔστω
299 308 362 393 γὰρ
382 304 435 372 ε’πὶ
454 315 511 390 τῆς
528 303 744 391 προκειμένης
762 315 975 392 καταγραφῆς
992 307 1030 371 τὸ
1046 310 1143 371 ΑΓΛ

132 417 296 499 τρίγωνον
320 422 364 500 τῷ
384 410 485 476 ΑΕΖ
509 413 635 496 ὅμοιον.
674 410 768 496 λέγω,
791 413 841 476 ὅτι
864 410 920 477 καὶ
945 419 1019 477 ἴσον
1044 411 1143 477 ἐστίν.

199 518 268 584 ἐπεὶ
291 520 369 605 γᾶρ,
397 519 442 594 ώς
463 519 484 602 ἡ
507 521 578 582 ΑΓ
595 519 678 604 πρὸς
701 521 776 602 ΓΛ,
799 519 905 594 οὕτως
927 517 946 600 ἡ
972 523 1042 582 ΑΕ
1063 522 1144 604 πρὸς

132 631 209 708 ΕΖ,
237 623 292 689 καὶ
319 623 456 701 ἐναλλὰξ
485 626 557 709 ἄρα.
612 627 670 688 καί
695 626 780 689 εἰσιν
808 631 875 689 ἴσαι
904 625 941 688 αἱ
963 628 1039 709 ΓΑ,
1064 631 1141 690 ΕΑ·

97 739 201 796 οέσαι
229 734 293 816 ἄρα
319 729 375 795 καὶ
403 732 440 795 αἱ
464 734 537 813 ΓΛ,
561 735 633 796 ΕΖ.
688 732 727 795 τᾶ
757 728 793 795 δὲ
821 729 873 796 ε’πὶ
904 737 987 795 ἴσων
1013 733 1143 815 βάσεων

131 841 276 923 τρίγωνα
300 837 336 902 έν
360 849 429 913 τοῖς
451 837 570 923 ὀρθοῖς
592 839 712 913 κώνοις
735 843 789 901 ἄρα
814 837 914 902 ἐστίν·
940 844 995 902 ἴσα
1019 840 1085 924 ἄρα
1104 840 1141 902 τὰ

132 948 240 1027 ΑΓΛ,
260 948 360 1008 ΑΕΖ
383 947 537 1029 τρίγωνα.

618 1163 656 1202 ε.

195 1262 271 1327 Ἐὰν
289 1274 395 1339 κῶνος
414 1262 517 1349 ὀρθὸς
537 1261 702 1338 ἐπιπέδοις
720 1269 831 1347 τμηθῇ
850 1263 906 1326 ὃιᾶ
919 1272 978 1345 τῆς
990 1272 1143 1349 κορυφῆς

79 1386 112 1433 10
131 1379 177 1458 τῷ
201 1366 261 1453 μέν
285 1370 341 1434 διὰ
363 1378 423 1434 τοῦ
447 1368 577 1452 ἄξονος,
605 1378 675 1444 τοῖς
702 1365 738 1432 δέ
767 1368 857 1444 ἐκτὸς
880 1378 940 1433 τοῦ
964 1368 1097 1452 ἄξονος,
1125 1370 1141 1434 ὁ

132 1473 169 1540 δέ
192 1474 279 1553 ἄξων
302 1484 360 1540 τοῦ
384 1477 494 1540 κώνου
518 1477 561 1559 μὴ
583 1473 726 1539 ἑλᾶττων
749 1468 770 1558 ᾖ
793 1483 850 1557 τῆς
869 1474 904 1539 ἐκ
923 1485 982 1539 τοῦ
1001 1475 1141 1562 κέντρου

131 1592 189 1666 τῆς
216 1582 356 1666 βᾶσεως,
389 1593 457 1647 τῶν
484 1580 681 1665 γινομένωνΙ
701 1579 737 1645 έν
765 1590 811 1668 τῷ
838 1582 933 1668 κώνῳ
967 1585 1142 1668 τριγώνων

131 1688 286 1774 μέγιστον
309 1692 398 1754 ἔσται
422 1690 458 1753 τὸ
483 1690 538 1754 διὰ
560 1697 620 1753 τοῦ
643 1686 768 1765 ἄξονος.

198 1799 280 1862 έστω
303 1807 420 1878 κῶνος,
444 1791 484 1860 οὗ
507 1796 638 1880 κορυφὴ
660 1791 720 1879 μὲν
738 1795 775 1859 τὸ
794 1800 836 1876 Α,
859 1793 955 1877 βᾶοις
974 1791 1010 1858 δὲ
1029 1794 1047 1860 ὁ
1066 1794 1141 1882 περὶ

79 1920 110 1967 15
131 1906 167 1969 τὸ
191 1909 219 1969 Β
243 1903 381 1989 κέντρον
402 1904 536 1985 κύκλος,
564 1901 652 1979 ἄξων
675 1899 711 1966 δέ
735 1901 752 1966 ὁ
776 1905 850 1965 ΑΒ.
896 1901 1082 1984 τμηθέντος
1105 1900 1141 1966 δὲ

23 2080 28 2090 ,
130 2021 190 2075 τοῦ
213 2012 322 2075 κώνου
351 2009 407 2073 ὃιᾶ
437 2018 494 2092 τῆς
521 2017 669 2093 κορυφῆς
698 2009 889 2090 γεγενύσθω
914 2011 1062 2093 τρίγωνα
1086 2009 1140 2073 διὰ

130 2115 190 2202 μὲν
208 2126 267 2181 τοῦ
286 2116 402 2195 ἄξονος
420 2119 456 2181 τὸ
472 2119 581 2198 ΑΓΛ,
604 2114 695 2192 ε’κτὸς
713 2112 750 2178 δὲ
764 2123 824 2178 τοῦ
839 2112 956 2191 ἄξονος
974 2116 1011 2178 τὸ
1027 2120 1140 2198 ΑΕΖ,

130 2223 184 2289 καὶ
211 2227 334 2290 κείσθω
365 2224 574 2310 παράλληλος
601 2221 621 2304 ἡ
649 2226 713 2285 ΕΖ
745 2230 784 2306 τῇ
813 2224 888 2304 ΓΔ,
922 2220 939 2285 ὁ
973 2217 1009 2285 δὲ
1041 2220 1140 2303 ἄξων,

129 2330 300 2397 τουτέστιν
326 2331 347 2415 ἡ
374 2335 439 2395 ΑΒ
467 2330 596 2412 εὐθεῖα,
628 2330 672 2412 μὴ
701 2328 844 2393 ἐλᾶττων
872 2330 953 2392 έστω
982 2336 1041 2410 τῆς
1067 2333 1138 2394 ΒΓ.

77 2452 111 2500 20
130 2437 228 2521 λέγω,
255 2439 305 2503 ὅτι
333 2439 369 2502 τὸ
398 2440 496 2502 ΑΓΛ
523 2440 688 2523 τρίγωνον
715 2437 823 2519 μειξόν
852 2433 919 2499 ἐστι
948 2443 1008 2498 τοῦ
1037 2440 1138 2499 ΑΕΖ

130 2547 303 2631 τριγώνου.

197 2650 379 2733 ἐπεζεύχθω
408 2650 427 2732 ἡ
456 2653 533 2732 ΒΕ,
565 2646 620 2713 καὶ
648 2647 711 2712 ἀπὸ
739 2656 798 2710 τοῦ
823 2652 851 2712 Β
879 2647 1020 2724 κάθετος
1042 2649 1137 2732 ἤχθω

131 2756 183 2821 ἐπὶ
210 2758 270 2839 τὴν
293 2761 356 2819 ΕΖ
383 2755 403 2837 ἡ
428 2759 511 2819 ΒΗ·
546 2756 622 2839 δίχα
650 2756 713 2839 ἄρα
739 2753 892 2838 τέτμηται
920 2754 941 2838 ἡ
964 2759 1028 2818 ΕΖ
1057 2755 1138 2820 κατὰ

129 2865 166 2929 τὸ
189 2867 232 2926 H.
279 2860 461 2944 ἐπεζεύχθω
490 2861 509 2944 ἡ
533 2866 620 2926 ΑΗ·
652 2861 673 2944 ἡ
697 2865 773 2925 ΑΗ
796 2861 859 2944 ἄρα
882 2859 1023 2936 κᾶθετύς
1047 2860 1138 2926 ἐστιν

76 2984 109 3032 25
130 2967 183 3036 ἐπὶ
205 2971 267 3053 τὴν
284 2973 360 3032 ΕΖ·
386 2964 549 3043 ἰσοσκελές
571 2969 634 3054 γᾶρ
657 2968 694 3033 τὸ
713 2973 780 3032 EA
787 2973 822 3031 Z.
859 2964 928 3032 ἐπεὶ
947 2962 1010 3031 οὖν
1032 2967 1053 3051 ἡ
1073 2972 1137 3031 ΑΒ

130 3079 190 3142 ούκ
215 3075 303 3140 ἐστιν
327 3073 470 3138 έλᾶττων
493 3083 549 3157 τῆς
572 3074 607 3139 ἐκ
631 3084 690 3138 τοῦ
709 3073 848 3160 κέντρου
872 3082 930 3156 τῆς
948 3078 1022 3156 ΒΕ,
1048 3074 1136 3140 ἐλύτ-

129 3207 195 3248 των
224 3179 261 3247 δὲ
288 3182 308 3265 ἡ
333 3185 406 3244 ΕΗ
428 3189 485 3263 τῆς
508 3185 585 3264 ΒΕ,
617 3180 637 3262 ἡ
666 3183 729 3266 ἄρα
753 3185 818 3244 ΑΒ
846 3182 965 3264 μείζων
990 3179 1059 3245 ἐστὶ
1083 3190 1138 3264 τῆς

200 3453 224 3500 3.
244 3444 309 3517 γάρ]
329 3444 381 3514 γᾶρ
402 3445 474 3499 ἐστιν
493 3463 519 3514 p.
606 3451 630 3498 4.
653 3445 721 3515 ΕΖ]
741 3460 791 3511 ομ;
816 3427 922 3509 ΕΞῘΕ,
947 3460 1003 3512 mg.
1026 3447 1046 3496 Z
1065 3462 1100 3497 m.
1120 3448 1132 3495 1

72 3526 198 3624 ιοαιι
257 3518 326 3589 EA]
344 3521 428 3573 ΓΕΑ
443 3516 501 3588 Vc,
520 3519 574 3571 ΑΕ
591 3534 619 3586 p.
674 3523 700 3607 1.
720 3515 939 3585 AEzlcomm„
959 3517 1045 3568 ΔΕΖ
1060 3515 1133 3582 ch.
