2430 3854
372 155 422 205 DE
440 153 617 205 SEGTIONE
637 154 815 206 GYLINDRI.
1056 151 1098 214 67

553 312 639 379 XXI.

157 417 247 484 Ocno
285 421 361 484 dato
399 425 431 484 61
467 421 502 484 in
533 443 570 485 eo
595 420 708 507 ellipsi
740 421 922 504 cylindrum
953 420 1099 485 inuenire

89 527 202 591 cadem
225 527 298 592 coni
320 527 428 612 ‘ellipsi
452 533 584 592 sectum.

156 633 200 697 sit
223 633 318 697 datus
343 655 452 718 conus,
476 634 566 698 cuius
585 634 767 719 triangulus
786 656 843 718 per
862 656 955 698 axem
972 634 1099 717 positus

90 740 133 804 sit
157 742 271 824 ΑΒΓ,
295 739 331 802 in
355 761 393 803 eo
417 743 526 804 autem
549 741 625 804 data
649 739 785 824 ellipsis,
808 740 899 804 cuius
924 739 1099 804 diametrus

90 850 168 929 ZE,
197 868 279 929 quae
308 846 405 911 1(1Λ
432 846 643 932 producatur,
670 851 752 910 ΑΜ
772 850 882 910 autem
904 850 1011 910 rectae
1035 850 1101 911 ΖΔ

252 1035 986 1861 k

209 1826 240 1874 B
358 1850 659 1903 6111111

87 1996 253 2082 parallelo,
275 2001 501 2079 rectarumque
519 1999 607 2080 BM,
627 1999 705 2060 ΜΓ
722 1996 828 2060 media
845 1997 1099 2080 proportionalis

89 2105 134 2169 sit
162 2107 254 2188 ΜΗ,
286 2107 319 2166 61
346 2102 483 2166 ducatur
511 2106 598 2185 AH,
630 2125 688 2186 per
715 2107 836 2186 puncta
864 2106 973 2166 autem
1001 2108 1043 2187 Z,
1070 2109 1102 2168 E

88 2214 197 2275 rectae
216 2212 293 2273 ΑΗ
311 2208 484 2292 parallelae
507 2209 761 2292 (1111111111ΖΘ,
782 2212 897 2291 ΚΕΛ,
921 2208 1100 2293 expleatur-

89 2339 152 2402 que
192 2315 532 2402 parallelogrammum
574 2319 646 2379 ΘΛ.
706 2315 734 2379 11
775 2314 877 2400 igitur
918 2308 1100 2399 cylindrum

88 2422 286 2506 finxerimus,
311 2422 401 2485 cuius
424 2422 512 2486 basis
536 2422 579 2485 sit
603 2421 741 2485 circulus
765 2421 886 2485 circum
905 2420 1099 2487 diametrum

91 2533 172 2613 ΘΚ,
191 2528 530 2615 parallelogrammum
549 2532 659 2592 autem
676 2550 734 2611 per
752 2550 845 2592 axem
858 2528 1002 2610 positum
1018 2533 1099 2613 ΘΛ,

89 2637 190 2700 etiam
212 2636 247 2698 in
270 2635 415 2720 cylindro
439 2635 538 2699 sectio
558 2635 628 2720 erit,
652 2635 743 2699 cuius
763 2635 938 2698 diametrus
957 2640 1007 2699 est
1027 2640 1097 2700 ZE.

87 2743 200 2827 itaque
225 2741 337 2806 codem
360 2741 468 2826 mode,
497 2763 560 2824 quo
584 2741 619 2806 11
641 2741 845 2824 praecedenti
867 2742 1100 2827 propositione,

90 2848 402 2933 demonstrabimus,
437 2847 535 2911 etiam
573 2848 708 2912 alteram
740 2848 934 2912 diametrum
966 2848 1100 2912 eandem

90 2977 161 3020 6116
186 2976 360 3038 omnesque
382 2958 488 3020 rectas
513 2954 658 3018 ordinate
682 2954 803 3018 ductas.
845 2976 923 3040 crgo
946 2954 1098 3019 inuentus

88 3067 141 3127 est
164 3062 336 3146 cylindrus,
360 3060 416 3144 qui
439 3061 515 3124 data
537 3060 643 3144 ellipsi
666 3060 735 3124 dati
759 3060 831 3125 coni
850 3064 991 3145 secatur3
1015 3059 1099 3143 quod

87 3168 160 3233 fieri
185 3168 366 3250 oportebat.

544 3271 647 3339 XXII.

161 3379 314 3466 Cylindro
352 3380 431 3445 dato
465 3386 498 3445 et
532 3381 568 3443 11
601 3401 638 3444 eo
669 3380 774 3465 ellipsi
807 3401 924 3445 conum
954 3376 1100 3443 inuenire

88 3488 202 3553 eadem
225 3487 332 3571 ellipsi
356 3487 491 3572 cylindri
515 3491 650 3553 sectum.
933 3587 972 3640 b*
1073 3474 1132 3607 ,1
