2430 3854
121 161 213 216 XVIII
251 215 253 221 ,
519 158 736 214 PRAEFATIO.

189 305 286 390 periit
319 305 569 371 commentarius
597 303 708 370 Sereni
740 304 776 369 in
808 302 929 369 Ocnica
955 301 1135 390 Apollonii,

123 436 219 498 quem
240 413 310 497 ipse
335 417 567 478 commemorat
589 436 619 497 p.
639 411 697 492 52,
721 413 773 476 26.
818 411 854 474 in
877 411 1041 476 codicibus
1066 411 1136 496 qui-

122 512 258 584 busdam
274 519 415 584 Theonis
431 519 600 602 Smyrnaei
618 522 726 582 exstat
744 519 965 604 fragmentum
984 523 1040 582 aut
1058 518 1134 582 inde

122 627 262 711 petitum
299 632 356 691 aut
392 648 431 690 ex
467 625 531 690 adia
566 625 756 689 lemmatum
793 625 981 690 collectione
1019 622 1136 711 (edidit

88 744 104 792 5
123 734 180 798 Th.
195 734 237 798 H.
252 733 375 797 Martin
392 737 468 816 post
484 732 647 796 Theoncm
667 731 801 796 Parisiis
824 733 906 798 1849
926 756 955 816 p.
971 732 1135 815 340-42,

123 841 178 906 cfr.
201 840 343 905 Hultsch
365 838 553 904 Zeitschrift
577 839 629 903 fiir
649 838 803 903 Mathem.
827 863 857 902 u.
876 838 1000 923 Physik
1023 837 1135 902 XXIV

121 948 197 1011 hist.
220 945 320 1010 Abth.
343 969 374 1030 p.
392 943 461 1032 41),
485 946 571 1029 quod
593 945 647 1009 hic
670 945 896 1030 subiungimus
920 968 936 1009 e
961 945 1029 1009 cod.
1050 943 1135 1008 Mar-

123 1053 216 1120 ciano
249 1074 295 1138 gr.
328 1054 392 1118 303
421 1049 493 1139 (M)
526 1051 644 1116 additis
677 1051 845 1136 seripturis
879 1051 998 1116 codicis
1030 1049 1133 1114 Pario.

124 1162 207 1225 1821
225 1156 281 1247 (P)
300 1160 385 1244 apud
398 1159 576 1223 Martinum
590 1158 786 1241 Martiniqne
800 1159 903 1243 ipsius
920 1155 996 1245 (οι),
1015 1157 1050 1221 M
1063 1157 1133 1241 ipse

71 1276 104 1324 10
124 1267 248 1331 contuli
271 1264 418 1331 Uenetiis
445 1267 538 1332 1893.

81 1404 82 1407 '
188 1409 343 1494 Σερήνου
366 1416 426 1472 τοῦ
450 1411 641 1492 φιλοσόφου
665 1407 699 1472 ἐκ
723 1419 790 1472 τῶν
813 1407 999 1492 λημμάτων.

186 1530 263 1596 Ἐὰν
285 1532 409 1596 κύκλου
433 1530 486 1597 ἐπὶ
509 1541 567 1615 τῆς
589 1531 767 1618 διαμέτρου
795 1538 911 1618 ληφθῇ
934 1556 965 1596 τι
989 1543 1135 1615 σημεῖον,

123 1637 140 1702 δ
164 1640 209 1722 μή
233 1637 301 1702 ἐστι
324 1636 463 1723 κέντρον
486 1647 545 1702 τοῦ
566 1639 700 1721 κύκλου,
723 1637 778 1703 καὶ
800 1641 883 1724 πρὸς
906 1639 994 1726 αὐτῷ
1014 1655 1135 1703 συστα-

123 1751 234 1810 θῶσιν
248 1745 479 1829 εὐθύγραμμοι
495 1748 614 1827 γωνίαι

71 1861 104 1908 15
124 1849 176 1915 ἐπὶ
194 1851 234 1915 ιδ
253 1850 336 1915 αὐτὰ
355 1850 436 1936 μέρη
460 1849 512 1915 ἐπὶ
532 1857 613 1916 ἴσων

121 1967 341 2042 περιφερειῶν
372 1961 560 2041 βεβηκυῖαι,
592 1958 613 2042 ἡ

123 2063 300 2149 ἐγγύτερον
321 2073 382 2128 τοῦ
400 2064 540 2150 κέντρου
562 2063 613 2129 ἀεὶ

122 2169 270 2236 ἐλάσσων
290 2179 348 2254 τῆς
367 2169 536 2256 ἀπώτερον
554 2180 613 2236 τοῦ
662 2199 695 2250 Γ

121 2276 269 2363 κέντρου.

70 2392 104 2441 20
190 2383 247 2448 ἐὰν
288 2380 350 2450 οὖν
390 2385 514 2467 ταύτην
554 2387 615 2469 τὴν
676 2371 696 2400 ”

122 2493 284 2575 πρότασιν
302 2489 540 2576 ε’φαρμόσωμεν
562 2489 614 2555 ἐπὶ

122 2605 180 2679 τῆς
207 2595 343 2680 ἡλιακῆς
367 2595 615 2682 ἐκκεντρύτητος

68 2761 75 2770 ,
123 2700 177 2766 καὶ
187 2703 394 2786 ὑποδώμεδα
405 2701 544 2788 κέντρον
554 2712 614 2767 τοῦ

125 2808 285 2896 ζῳδιακοῦ
314 2810 350 2873 τὸ
375 2814 421 2891 Α,
453 2809 613 2896 ζῳδιακὸν
641 2808 677 2876 δὲ
705 2813 763 2877 τὸν
792 2815 903 2895 ΓΔΚ,
932 2810 1070 2894 ἡλιακὸν
1098 2809 1134 2876 δὲ

71 2923 105 2972 25
125 2919 299 3001 ἔκκεντρον
327 2916 386 2980 τὸν
411 2919 547 2980 ΕΛΖΘ
578 2916 653 3004 περὶ
680 2918 819 3010 κέντρον
847 2920 883 2983 τὸ
912 2923 940 2982 Β
972 2916 1028 2982 καὶ
1055 2917 1135 2982 ἀπο-

194 3072 254 3142 Pig.
275 3089 328 3128 om.
347 3073 412 3142 MP,
431 3072 534 3128 falsam
551 3075 640 3129 habet
657 3094 693 3130 m.

196 3150 236 3198 12.
256 3141 423 3226 διαμέτρου]
444 3150 494 3199 σὲο
514 3163 582 3201 corr.
602 3164 636 3201 ex
655 3151 715 3221 o-ljo
734 3148 776 3216 M,
800 3145 968 3218 ἐπιφανείας
985 3167 1021 3217 m,
1042 3152 1077 3201 o÷
1095 3149 1136 3203 P‘?

160 3219 201 3270 13.
220 3214 306 3286 πρός]
325 3215 437 3284 addid1‚
462 3233 516 3271 om.
536 3217 634 3272 MPm.
717 3220 904 3290 συσταθῶσιν]
929 3224 1087 3274 σνσταδῶσι
1106 3221 1135 3274 P.

160 3292 201 3340 14.
217 3287 425 3412 εύδύγραμμοιέ
439 3306 475 3357 m,
496 3289 694 3358 εὐθύγραμμοι
708 3290 772 3345 ΜΡ.
829 3296 869 3346 18.
885 3292 1043 3362 ἀπώτερον]
1059 3293 1136 3345 ἀκω-

123 3353 192 3424 τέρω
206 3375 242 3412 m.
280 3364 322 3412 19.
336 3357 397 3412 Huc
427 3375 534 3413 crenus,
578 3366 619 3415 22.
636 3360 858 3432 ἐκκεντρύτητος]
872 3380 908 3430 m,
925 3362 1137 3432 ἐγκεντρότιμος

123 3427 188 3482 MP.
232 3434 274 3484 25.
291 3428 449 3502 ἔκκεντρου]
460 3448 496 3500 m,
514 3429 572 3500 I‘yte‘
588 3431 625 3500 Μ,
642 3431 773 3502 ἕγκονΡλ
821 3431 947 3504 ΕΛΖΘ]
958 3434 1138 3488 scribendum

115 3501 238 3552 Em.
284 3499 483 3574 ἀπολάβωμεν]
493 3501 621 3573 Hultsch,
636 3501 816 3575 ἀπολύβομεν
825 3504 891 3573 ΜΡ,
905 3503 1090 3576 ὑπολάβωμεν
1099 3524 1136 3559 m.
