2430 3854
126 157 189 222 108
394 157 481 211 ΠΕΡΙ
498 159 715 211 ΚνΛιΝΔΡον
732 158 867 210 υοΜΗΣ.

123 313 181 387 τῆς
201 307 266 367 ZA
288 302 371 388 πρὸς
393 304 454 386 τὴν
472 307 540 366 EA
562 299 617 366 καὶ
640 310 700 365 τοῦ
723 311 781 384 τῆς
801 306 867 365 EA
885 302 969 386 πρὸς
986 300 1061 383 ΛΞ,
1081 299 1138 366 καὶ

123 410 141 475 6
170 419 227 493 τῆς
250 414 327 473 MA
350 410 432 495 πρὸς
454 411 527 472 AK
551 411 649 490 λόγος
676 409 740 492 ἄρα
768 408 936 490 σύγκειται
960 410 995 472 έκ
1017 431 1052 472 τε
1075 416 1136 472 τοῦ

123 526 180 600 τῆς
205 519 270 579 ΖΔ
293 516 375 602 πρὸς
397 517 458 599 τὴν
476 520 544 579 EA
566 513 621 579 καὶ
641 522 701 578 τοῦ
720 523 777 598 τῆς
795 519 863 579 EA
881 515 964 600 πρὸς
981 514 1043 597 τὴν
1062 519 1095 577 A
1101 515 1139 587 Ξ.

123 621 196 688 ἀλλ’
222 622 240 688 6
263 620 324 706 μὲν
346 630 405 705 τῆς
425 625 490 685 ΖΛ
512 622 595 706 πρὸς
616 622 678 704 τὴν
696 625 763 685 EA
783 623 880 703 λόγος
902 621 920 686 6
944 620 1044 697 αὐτός
1067 620 1137 685 έστι

88 742 103 790 5
122 740 168 819 τῷ
191 739 250 812 τῆς
270 732 342 792 ΖΗ
355 729 438 813 πρὸς
460 729 521 811 τὴν
538 731 610 792 HE
627 727 683 791 διδι
705 728 767 810 τὴν
788 726 962 810 ὑπόθεσιν,
986 725 1003 791 6
1024 723 1061 790 δὲ
1079 736 1139 808 τῆς

122 841 190 900 EA
207 836 290 922 πρὸς
308 836 369 918 τὴν
387 833 461 916 ΛΞ,
485 832 655 898 τουτέστιν
675 833 693 898 6
716 843 775 916 τῆς
793 838 866 898 EN
882 833 964 919 πρὸς
981 834 1043 917 τὴν
1063 831 1139 915 ΞΚ,

122 942 140 1007 6
164 942 264 1018 αὐτὸς
287 941 420 1024 ἐδείχθη
439 950 484 1027 τῷ
508 949 566 1022 τῆς
590 945 654 1006 ΟΕ
675 940 758 1026 πρὸς
775 941 836 1023 τὴν
855 944 933 1004 ΠΡ·
957 940 975 1004 6
995 942 1060 1025 ἄρα
1078 949 1138 1023 τῆς

122 1053 201 1112 MA
220 1049 303 1133 πρὸς
325 1049 386 1131 τὴν
405 1050 478 1111 ΛΚ
498 1050 595 1130 λόγος
618 1047 786 1129 σύγκειται
809 1049 844 1110 ἔτι
863 1069 898 1110 τε
915 1055 975 1111 τοῦ
994 1056 1053 1129 τῆς
1068 1051 1142 1111 ΖΗ

122 1156 205 1241 πρὸς
222 1158 296 1219 ΗΕ
316 1157 418 1236 λόγου
441 1152 496 1218 καὶ
514 1162 575 1217 τοῦ
593 1163 652 1236 τῆς
673 1157 738 1218 OE
752 1155 835 1239 πρὸς
853 1154 914 1236 τὴν
933 1157 1006 1217 ΠΡ.
1035 1152 1140 1218 πόλιν

71 1274 105 1323 10
124 1258 193 1326 ἐπεὶ
216 1260 233 1325 6
257 1269 315 1343 τῆς
337 1263 413 1324 ΜΛ
435 1260 518 1345 πρὸς
540 1260 601 1342 τὴν
624 1262 695 1323 ΛΚ
714 1262 811 1342 λόγος
834 1259 851 1324 6
876 1259 975 1335 αὐτός
998 1258 1068 1324 ε’στι
1091 1269 1137 1348 τῷ

122 1376 180 1449 τῆς
209 1370 281 1430 ΖΠ
303 1367 387 1451 πρὸς
413 1367 473 1449 τὴν
501 1370 580 1449 ΠΡ,
607 1365 625 1431 6
651 1362 688 1430 δὲ
710 1375 769 1448 τῆς
793 1369 865 1429 ΖΠ
882 1366 964 1451 πρὸς
987 1367 1048 1449 τὴν
1072 1371 1145 1430 ΠΡ

123 1475 221 1555 λόγος
253 1473 420 1554 σύγκειται
452 1475 487 1536 ἔκ
518 1495 554 1536 τε
585 1480 644 1536 τοῦ
676 1482 734 1555 τῆς
768 1475 839 1536 ΖΠ
865 1473 948 1558 πρὸς
979 1473 1040 1555 τὴν
1075 1477 1142 1538 ΟΕ

123 1581 240 1662 λόγου,
267 1576 416 1643 τουτέστι
444 1587 504 1642 τοῦ
527 1587 584 1661 τῆς
608 1582 681 1642 ΖΗ
699 1579 781 1664 πρὸς
803 1580 865 1662 τὴν
887 1582 970 1660 ΗΕ,
998 1577 1138 1643 καὶτοῦ

123 1694 181 1769 τῆς
206 1691 270 1750 OE
291 1685 374 1771 πρὸς
395 1686 456 1768 τὴν
479 1689 559 1768 ΠΡ,
586 1683 641 1749 καὶ
664 1685 682 1750 6
705 1694 763 1768 τῆς
786 1689 862 1749 ΜΛ
884 1686 948 1770 ἄρα
971 1685 1055 1770 πρὸς
1077 1686 1139 1768 τὴν

72 1806 104 1855 15
124 1795 196 1856 ΛΚ
215 1795 313 1875 λόγος
336 1792 503 1874 σύγκειται
526 1795 562 1856 έν
584 1815 619 1855 τε
641 1799 701 1855 τοῦ
724 1801 782 1875 τῆς
799 1795 869 1855 ΗΖ
887 1792 970 1877 πρὸς
987 1792 1049 1874 τὴν
1068 1795 1142 1856 HE

125 1902 225 1982 λόγου
247 1897 303 1963 καὶ
325 1906 385 1962 τοῦ
408 1906 466 1981 τῆς
485 1902 550 1962 ΟΕ
568 1899 651 1983 πρὸς
673 1898 734 1981 τὴν
752 1902 826 1962 ΠΡ.
864 1897 998 1980 ἐδείχθη
1022 1895 1060 1961 δέ
1083 1895 1138 1961 καὶ

123 2005 141 2070 6
169 2014 227 2088 τῆς
254 2009 333 2069 MA
359 2004 442 2090 πρὸς
469 2005 530 2087 τὴν
557 2007 631 2068 AK
655 2007 752 2086 λόγος
775 2003 810 2068 ἐκ
833 2014 900 2068 τῶν
923 2003 1035 2068 αὐτῶν
1059 2019 1139 2085 συγ-

123 2114 285 2195 κείμενος·
318 2111 363 2188 ὡς
385 2113 449 2198 ἄρα
472 2109 491 2193 6
510 2114 588 2175 MA
610 2110 694 2196 πρὸς
716 2111 777 2194 τὴν
795 2113 874 2194 ΛΚ,
898 2109 1004 2185 οὕτως
1021 2109 1043 2192 6
1062 2113 1139 2173 ΜΛ

123 2219 207 2303 πρὸς
228 2217 290 2301 τὴν
313 2221 389 2282 ΛΚ.

71 2338 106 2386 20
191 2324 313 2409 ὁμοίως
341 2320 378 2388 δὲ
405 2324 629 2407 δειχθήσεται,
657 2321 721 2387 κᾶν
744 2323 841 2387 ἄλλαι
864 2323 1052 2405 διαχθῶσιν
1075 2321 1139 2387 ιἰιτδ
1181 2389 1184 2395 ,

122 2439 183 2496 τοῦ
210 2438 256 2495 A·
283 2439 385 2496 πᾶσαι
412 2429 475 2515 γδιρ
503 2428 568 2493 ὑπὸ
595 2438 654 2513 τῆς
680 2433 749 2493 ΛΟ
778 2430 1051 2513 διαιρεθήσονται
1079 2429 1139 2492 τὸν

124 2535 298 2623 εἰρημένον
321 2539 457 2622 τρόπον·
481 2536 560 2621 ὅπερ
584 2537 650 2600 ἔδει
674 2533 784 2612 δεῖξαι.

190 2641 265 2707 Κδιν
288 2643 324 2706 αλ
341 2641 404 2708 ἀπὸ
423 2650 482 2721 τοῦ
502 2648 536 2706 A
555 2642 742 2726 διαχθεῖσαι
761 2639 927 2723 ἀνάλογον
945 2636 1007 2705 ὦσι
1026 2664 1136 2725 τετμη-

123 2746 228 2832 μέναι,
247 2745 294 2812 ἵν’
309 2741 341 2834 ᾖ,
359 2748 404 2824 ὡς
421 2744 481 2832 μέν
500 2749 520 2832 6
540 2753 607 2812 ΖΛ
624 2750 707 2834 πρὸς
724 2749 786 2831 τὴν
804 2752 881 2831 AE,
905 2748 1011 2823 οὕτως
1029 2748 1050 2831 6
1071 2750 1138 2811 ΖΗ

71 2867 104 2916 25
123 2854 205 2941 πρὸς
227 2855 289 2937 τὴν
311 2858 396 2936 ΗΕ,
425 2851 468 2930 ὡς
491 2851 529 2919 δέ
551 2854 571 2938 6
594 2858 671 2918 MA
692 2854 774 2940 πρὸς
796 2856 857 2938 τὴν
880 2856 964 2936 ΛΚ,
988 2853 1096 2929 οὕτως
1117 2852 1137 2935 6

124 2964 199 3025 ΜΛ
221 2961 304 3045 πρὸς
326 2962 387 3044 τὴν
410 2964 491 3044 ΛΚ,
514 2960 535 3044 6
558 2960 616 3036 τδις
639 2959 675 3025 ἐν
696 2969 742 3048 τςό
765 2961 916 3048 τριγώνῳ
940 2957 1134 3044 ἀπειλημμέ-

123 3093 183 3144 νας
210 3067 358 3149 εὐθείας,
386 3058 458 3131 οἶον
485 3068 544 3143 τδις
568 3070 644 3150 ΖΕ,
668 3070 758 3149 ΜΚ,
784 3066 949 3149 ἀνάλογον
971 3065 1135 3149 τέμνουσα

123 3173 238 3239 εὐθεῖα
262 3172 440 3257 διαγομένη
464 3174 519 3237 διδι
541 3181 599 3257 τῆς
621 3181 770 3258 κορυφῆς
791 3171 860 3256 ἥξει
882 3182 943 3237 τοῦ
961 3175 1134 3258 τριγώνου.

128 3297 335 3305 ,ἡψ-

195 3373 218 3421 1.
238 3366 308 3434 πρὸς
321 3366 445 3492 ΔΞρΤΚ,
464 3365 534 3434 πρὸς
547 3366 598 3436 τὴν
612 3367 671 3426 ΔΞ
687 3383 709 3419 ο.
765 3365 814 3420 καὶ
832 3365 847 3420 6
863 3397 895 3406 -
911 3370 934 3419 3.
954 3366 1028 3436 ΔΞ]
1049 3382 1099 3418 om.
1110 3379 1130 3415 ο,

149 3444 192 3489 15.
212 3439 291 3508 ΛΚ]
306 3443 367 3492 AK
413 3454 439 3507 ο,
460 3454 527 3491 corr.
544 3436 647 3492 Comm.
714 3441 755 3491 23.
776 3438 938 3507 διαχθεῖσαι
969 3452 998 3505 ο,
1017 3453 1085 3491 corr.
1100 3447 1129 3486 ex

96 3505 248 3572 διαγθιῦσι
266 3526 303 3562 m.
322 3515 338 3563 1
359 3509 389 3581 V,
412 3512 578 3584 διαχθῶσαι
595 3528 622 3566 v.
694 3512 739 3563 26.
756 3507 791 3580 66
803 3506 920 3577 Ηοόλογ,
937 3527 955 3574 6
973 3507 1028 3563 Ve.
