2430 3854
120 172 185 236 276
435 175 522 224 ΠΕΡΙ
539 173 667 225 moe
685 174 821 224 ΤοαΗΣ.

121 321 219 381 ΒΕΖ
246 319 412 402 τρίγωνον
434 317 517 402 πρὸς
538 318 575 381 τὸ
600 320 713 399 ΑΓΔ,
741 316 786 391 ὡς
809 312 845 380 δὲ
868 316 904 379 τὸ
930 319 1031 379 ΒΕΖ
1054 316 1133 398 πρὸς

120 433 157 496 τὸ
181 435 294 515 ΑΓΛ,
322 431 427 508 οὕτως
454 433 491 496 τὸ
515 435 614 496 ΑΓΛ
640 433 723 518 πρὸς
750 433 786 496 τὸ
810 434 924 514 ΚΕΖ,
954 431 1000 507 ὡς
1029 429 1130 516 ἄραὴ

119 551 183 612 ΓΛ
205 548 289 634 πρὸς
311 549 372 632 τὴν
394 552 473 631 ΕΖ,
496 547 602 624 οὕτως
624 548 662 612 τδ
681 550 779 611 ΑΓΛ
802 549 969 633 τρίγωνον
992 547 1077 631 πρὸς
1097 548 1129 610 τὸ

121 666 232 728 ΚΕΖ.
288 664 371 728 ὥστε
407 660 475 727 ἐπεὶ
512 663 552 727 τδι
583 665 695 747 ΑΓΛ,
731 666 832 728 ΚΕΖ
868 665 1018 747 τρίγωνα
1055 663 1129 746 πρὸς

85 778 248 862 σύλληλύ
280 777 370 843 ἐστιν
398 777 443 853 ὡς
470 778 508 841 αί
532 777 658 861 βύσεις,
688 777 754 841 ὑπὸ
781 777 819 841 τὸ
847 775 928 841 αὐτὸ
958 777 1025 862 ἄρα
1052 776 1129 854 ύψος

123 893 226 959 ἐστίν·
256 899 309 976 ίση
334 894 398 977 ἄρα
420 891 440 974 ἡ
465 895 541 956 ΑΗ
558 902 597 977 τῇ
621 894 697 956 ΚΘ.
742 888 798 956 καλ
822 888 890 955 ἐπεὶ
914 890 932 956 6
957 895 998 954 Η
1016 893 1128 965 κύκλος

73 1060 92 1077 .,
124 1008 208 1093 πρὸς
230 1009 288 1072 τὸν
310 1012 338 1072 Ε
360 1008 483 1072 κύκλον
507 1008 704 1072 διπλασίονα
728 1009 829 1089 λόγον
847 1008 912 1090 ἔχει
930 1007 1015 1092 ἥπερ
1035 1007 1055 1090 ἡ
1075 1009 1127 1070 ΓΛ

125 1122 404 1209 διάμετροςπρὸς
426 1124 487 1207 τὴν
505 1126 583 1206 ΕΖ,
607 1122 652 1198 ὡς
676 1117 712 1186 δὲ
735 1121 755 1204 ἡ
776 1125 836 1186 ΓΛ
859 1121 1037 1207 διάμετρος
1054 1122 1128 1203 πρὸς

123 1240 184 1323 τὴν
206 1230 284 1322 ΕΖ,
310 1237 416 1314 οὕτως
438 1238 475 1302 τὸ
499 1241 598 1303 ΑΓΛ
620 1240 784 1322 τρίγωνον
807 1238 890 1322 πρὸς
911 1237 949 1301 τὸ
973 1239 1088 1319 ΕΚΖ,
1113 1235 1127 1300 6

71 1366 104 1415 10
123 1355 187 1439 ἄρα
209 1357 250 1417 Η
271 1353 392 1430 κύκλος
417 1353 500 1438 πρὸς
526 1353 585 1417 τὸν
610 1356 639 1416 Θ
667 1352 790 1417 κύκλον
813 1353 1013 1417 διπλασίονα
1036 1355 1128 1433 λόγον

124 1471 189 1552 ἔχει
216 1469 298 1554 ἥπερ
326 1469 363 1533 τὸ
392 1471 494 1533 ΓΑΔ
522 1468 604 1553 πρὸς
631 1469 668 1532 τὸ
696 1470 805 1532 ΕΚΖ.
856 1461 922 1550 εἶχε
950 1463 987 1530 δὲ
1016 1465 1071 1531 καὶ
1096 1467 1128 1529 τὸ

124 1586 222 1647 ΕΒΖ
244 1583 328 1668 πρὸς
350 1584 387 1647 τὸ
406 1587 506 1648 ΕΚΖ
530 1584 727 1649 διπλασίονα
750 1585 851 1665 λόγον
873 1583 956 1666 ἥπερ
975 1583 1013 1646 τὸ
1035 1585 1129 1646 ΓΑΔ

124 1698 207 1783 πρὸς
224 1698 261 1762 τδ
275 1701 389 1762 ΕΚΖ·
409 1698 454 1775 ὡς
472 1699 536 1784 ἄρα
554 1697 572 1763 6
587 1702 627 1762 Η
640 1699 762 1774 κύκλος
778 1699 861 1784 πρὸς
878 1698 937 1761 τὸν
954 1701 982 1761 Θ
1001 1698 1130 1779 κύκλον,

125 1813 211 1879 οὕτω
239 1814 277 1878 τδ
300 1817 398 1878 ΕΒΖ
427 1816 591 1899 τρίγωνον
613 1815 696 1899 πρὸς
718 1815 755 1878 τὸ
778 1816 893 1895 ΕΚΖ,
920 1811 1092 1877 τουτέστιν
1113 1812 1130 1894 ἡ

73 1941 106 1990 15
126 1932 191 1993 ΒΘ
217 1929 333 1995 εὐθεῖα
359 1931 442 2015 πρὸς
468 1931 530 2014 τὴν
552 1932 627 1994 ΚΘ.
671 1932 731 1994 καί
753 1928 842 1994 ἐστιν
865 1928 885 2011 ἡ
911 1931 980 1993 ΘΚ
1000 1937 1041 2014 τῇ
1065 1931 1136 1991 ΑΗ

127 2049 194 2126 ίση·
223 2044 267 2120 ὣς
294 2046 359 2129 ἄρα
383 2044 401 2110 6
424 2048 463 2109 Η
483 2046 603 2120 κύκλος
625 2045 708 2130 πρὸς
730 2044 789 2108 τὸν
815 2049 843 2109 Θ
865 2045 1003 2125 κύκλον,
1032 2044 1134 2118 οὕτως

47 2188 49 2196 J
126 2157 146 2240 ἡ
171 2162 235 2223 ΒΘ
264 2159 380 2225 εὐθεῖα
401 2161 485 2245 πρὸς
507 2161 568 2244 τὴν
590 2163 672 2224 AH.
716 2161 775 2223 καί
795 2161 879 2224 εἰσιν
902 2160 939 2223 αἱ
961 2163 1041 2242 ΒΘ,
1064 2162 1138 2222 ΑΗ

126 2270 239 2350 ἄξονες
274 2284 342 2339 τῶν
373 2275 492 2340 κώνων
523 2271 579 2338 καλ
613 2273 874 2340 ἀντιπεπόνθασι
905 2284 978 2348 ταῖς
1010 2273 1135 2355 βάσεσι,

126 2387 276 2454 τουτέστι
299 2401 368 2465 τοῖς
390 2393 435 2474 Η,
461 2394 489 2454 Θ
510 2389 657 2466 κύκλοις·
683 2391 718 2454 οί
738 2391 802 2476 ἄρα
825 2395 866 2471 Α,
890 2392 918 2452 Β
941 2398 1046 2452 κῶνοι
1071 2395 1135 2453 λσοι

73 2515 109 2566 20
127 2503 280 2587 ἀλλήλοις
302 2505 396 2569 είσίν.

200 2746 223 2797 1.
242 2739 274 2795 τό
288 2740 362 2812 (pr.)]
381 2740 467 2811 va,
486 2759 541 2811 mg.
562 2747 597 2811 „†
614 2741 667 2810 τὴν
685 2743 800 2811 apogr.“
819 2758 855 2795 m.
873 2756 926 2794 rec.
946 2739 980 2794 V.
1045 2742 1138 2812 BEZ]

129 2815 211 2866 ΕΒΖ
227 2829 254 2881 p.
335 2816 359 2866 ὅ.
379 2811 453 2868 ἐστιν
471 2813 519 2885 ὡς]
537 2830 587 2881 vp,
606 2828 663 2882 rep.
682 2830 738 2881 mg.
756 2830 793 2866 m.
812 2828 866 2866 rec.
885 2812 918 2880 V,
937 2831 979 2865 -ιν
998 2811 1038 2873 ὡς
1057 2829 1138 2866 euan.

164 2888 189 2937 6.
209 2882 253 2953 H]
266 2881 331 2950 περὶ
343 2882 421 2937 τδΗ
435 2901 463 2952 p.
518 2891 541 2938 7.
559 2882 717 2954 Θ]περλτδ
734 2885 759 2938 Θ
778 2900 805 2951 p.
860 2888 884 2937 8.
904 2880 1054 2950 διάμετρος
1065 2884 1139 2954 (pr.)]

127 2969 271 3096 ῩΡύοΪθύλ
289 2970 403 3093 ιῗεῖλῗδ
421 2953 528 3093 λῆγ’
556 2970 741 3096 ύδιῖἓύῗι
760 3027 785 3079 ο
802 2959 844 3093 ρξ’
874 2954 1139 3097 Efffflfvssss

127 3113 209 3152 εντα.
228 3096 262 3166 V,
281 3111 337 3165 rep.
356 3113 412 3165 mg.
431 3113 467 3150 m.
486 3111 540 3151 ree.
613 3101 655 3150 12.
674 3091 853 3166 διπλασίονα]
872 3113 926 3164 vp,
945 3111 1002 3163 rep.
1024 3114 1081 3164 mg.
1102 3115 1139 3150 m.

110 3184 182 3222 -τθο,
201 3166 235 3237 V,
255 3163 349 3222 -σίονα
368 3183 448 3221 θααιι.
515 3171 555 3221 13.
575 3170 660 3221 ΕΚΖ
690 3170 775 3221 ΚΕΖ
792 3185 818 3236 p.
885 3172 926 3220 14.
947 3163 1031 3237 ούτω]
1052 3165 1141 3230 οὕτως

129 3238 239 3308 Helley.
295 3239 392 3362 Esszl}
408 3237 464 3292 des.
484 3236 532 3292 fol.
552 3242 620 3292 236u
669 3261 676 3306 3
695 3239 825 3306 quartam
838 3239 948 3306 partem
965 3238 1141 3306 superiorem

129 3308 193 3363 folii
216 3314 267 3364 237
294 3309 325 3362 in
353 3326 371 3363 e
394 3325 410 3363 ο
437 3324 539 3380 genere
567 3308 681 3363 chartae
705 3307 848 3378 suppleuit
869 3327 905 3362 m.
925 3313 941 3360 3
964 3307 991 3362 V
1018 3309 1141 3378 (contuli

128 3379 217 3435 efiem
235 3382 271 3450 v).
362 3385 403 3435 15.
427 3381 501 3450 ΚΘ]
520 3398 550 3449 v,
579 3382 638 3435 ΘΚ
653 3380 709 3449 Vp.
801 3385 842 3434 18.
866 3379 943 3450 ταῖς]
968 3396 1064 3433 rursus
1083 3380 1139 3435 inc.

123 3469 162 3506 m.
183 3457 200 3506 1
221 3449 251 3507 V.
323 3456 365 3510 19.
386 3455 424 3523 H,
439 3452 482 3527 Θ]
498 3468 551 3523 η),
569 3451 701 3520 enemV,
717 3467 803 3518 eume
819 3466 872 3504 eet.
889 3468 926 3504 m.
944 3466 999 3504 ree.
1058 3457 1090 3520 A,
1105 3454 1141 3524 B]

117 3539 145 3593 V,
169 3541 228 3596 mg.
249 3542 288 3582 m.
309 3542 359 3582 rec
377 3525 414 3600 V,
438 3531 460 3582 A
480 3541 581 3598 σοαπ,
604 3527 699 3593 ΑΓΔ,
715 3523 800 3575 ΒΕΖ
814 3537 848 3585 ο.
