2430 3854
375 153 424 202 na
444 150 619 203 SEOTIONE
638 151 817 203 0111111111.
1038 149 1101 213 105

91 296 196 380 [Eucl.
229 295 290 381 XI,
321 295 371 378 9];
416 315 494 379 ergo
541 293 639 357 ctiam
664 292 770 381 ΜΞ,
813 296 888 357 AN
928 293 1101 376 parallelae

92 401 332 486 [uu01.1‚33].
395 447 397 455 ›

159 525 229 590 Iam
257 525 285 590 si
310 529 468 610 punctum
490 528 525 589 K
543 525 712 589 illustrans
736 546 806 588 csse
829 525 1103 611 supposuerimus,

92 633 432 717 parallelogrammum
469 635 578 695 autem
610 633 680 695 ΑΓ
706 631 805 695 radiis
838 630 997 716 officiens,
1033 631 1102 696 siue

91 761 150 825 per
174 760 208 803 sc
232 742 338 802 exstat
362 738 431 802 siue
454 737 488 802 in
512 737 670 821 cylindro,
699 737 839 821 eueniet,
863 741 901 801 ut
924 738 1006 801 radii
1029 761 1048 802 a
1070 741 1105 802 K

90 844 271 910 illustranti
303 844 505 929 egredientes
538 844 635 908 rectis
663 847 753 926 MA,
780 847 820 909 N
821 843 852 917 Ξ
877 844 1103 929 terminentur,

92 956 126 1016 et
145 951 289 1036 spatium
306 951 393 1015 inter
410 950 582 1034 parallelas
596 953 687 1033 MA,
702 949 773 1022 ΞΝ
788 951 1015 1014 adumbratum
1032 950 1102 1014 erit.

157 1059 225 1123 iam
256 1061 289 1122 et
320 1062 404 1140 ΛΑ,
443 1060 503 1121 ΓΒ
536 1062 569 1121 et
600 1060 686 1140 NA,
719 1055 795 1130 ΞΜ
820 1056 991 1141 parallelas
1024 1079 1104 1141 csse,

89 1166 347 1229 demonstratum
388 1167 450 1248 est,
491 1164 547 1228 sed
582 1163 630 1226 ita
665 1185 732 1227 non
769 1164 983 1248 adparebunt3
1023 1186 1100 1228 nam

93 1271 321 1336 distantiarum
345 1274 435 1354 AM,
462 1275 501 1335 N
503 1269 533 1344 Ξ
558 1269 651 1335 oculo
674 1271 807 1354 propior
829 1270 933 1335 maior
956 1271 1102 1355 adparet,

95 1378 173 1442 haec
192 1381 302 1441 autern
320 1399 359 1442 ex
374 1375 498 1461 Opticis
514 1377 802 1460 transsumpsimus
818 1376 922 1460 [Eucl
938 1375 1041 1461 Optio.
1057 1376 1102 1460 6].

161 1501 320 1577 Quoniam
347 1505 456 1565 autem
484 1506 734 1565 consentaneum
762 1505 812 1565 est
837 1501 924 1566 idem
947 1501 1046 1566 etiam
1067 1502 1103 1565 in

90 1631 172 1675 cono
198 1611 412 1693 pertractare,
443 1608 520 1690 quia
545 1607 667 1690 ellipsis
692 1606 765 1672 coni
791 1607 990 1692 cylindriquc
1019 1629 1104 1673 corn-

90 1715 198 1780 munis
222 1719 286 1799 est,
312 1713 347 1778 in
370 1714 515 1798 cylindro
539 1718 648 1778 autem
676 1714 859 1797 quaesitum
883 1718 946 1798 est,
976 1715 1101 1780 iamin

91 1843 173 1887 cono
197 1842 325 1906 quoquc
349 1842 549 1904 quaeramus.

537 2013 653 2079 XXXI.

159 2140 193 2206 Si
222 2144 313 2205 extra
339 2140 540 2226 triangulum
566 2143 724 2224 punctum
752 2139 905 2225 sumitur,
934 2139 974 2203 ab
999 2161 1100 2223 eoque

89 2252 180 2313 recta
208 2247 336 2312 ducitur
363 2246 564 2331 triangulum
587 2268 715 2331 secans,
742 2269 761 2309 a
782 2245 904 2310 uertice
928 2249 1037 2310 autern
1061 2246 1101 2310 ad

91 2354 198 2419 basim
225 2353 289 2417 alia
315 2357 404 2419 recta
430 2353 558 2418 ducitur
580 2357 702 2419 rectam
724 2356 887 2416 secantem
908 2352 956 2417 ita
979 2375 1100 2435 secans,

89 2466 128 2526 ut
148 2461 200 2544 sit,
218 2464 256 2524 ut
274 2463 345 2524 tota
363 2464 452 2524 recta
471 2481 582 2524 secans
602 2460 643 2524 ad
655 2463 781 2543 partem
796 2463 887 2523 extra
900 2459 1101 2544 triangulum

88 2567 247 2653 positam,
278 2566 326 2630 ita
357 2570 463 2630 rectae
495 2565 582 2630 intra
617 2565 817 2650 triangulum
849 2565 994 2630 abscisae
1023 2587 1099 2650 pars

90 2672 196 2737 maior
236 2673 277 2737 ad
316 2672 488 2756 minorem,
530 2693 611 2755 quae
651 2671 738 2756 parti
774 2675 865 2736 extra
900 2672 1101 2758 triangulum

88 2778 217 2864 positae
235 2778 368 2863 propior
386 2783 445 2863 est,
464 2800 671 2863 quaecunque
689 2783 779 2844 recta
797 2802 816 2843 a
833 2783 955 2862 puncto
970 2784 1099 2863 sumpto

90 2884 221 2949 ducitur
243 2884 444 2970 triangulum
467 2906 588 2970 secans,
612 2908 631 2949 a
653 2890 742 2951 recta
761 2908 780 2949 a
797 2885 918 2949 uertice
937 2886 978 2950 ad
996 2886 1098 2950 basim

90 2992 190 3057 ducta
217 2991 394 3056 secundum
416 2991 549 3055 eandem
572 2991 816 3076 proportionem
840 2996 928 3057 secta
950 2992 1021 3056 crit.
1068 2996 1100 3054 et

90 3097 119 3161 si
140 3118 251 3161 omnes
269 3101 376 3162 rectae
395 3098 436 3162 ab
456 3097 568 3161 eodem
586 3100 706 3182 puncto
724 3097 773 3162 ita
791 3098 906 3162 ductae
925 3096 1101 3161 secundum

88 3358 229 3432 ασμὲνον]
256 3360 359 3430 Hullcy
382 3378 445 3414 cum
469 3359 586 3429 comm,
616 3356 802 3430 ἐσκιασμὲνων
825 3360 879 3414 Vc.
975 3363 1015 3411 19.
1040 3357 1117 3494 tu'k

89 3448 144 3485 om.
159 3430 192 3486 V.
266 3437 309 3486 26.
327 3433 377 3504 τῷ]
395 3431 426 3486 τό
445 3431 495 3500 Vc,
514 3448 582 3485 corr.
597 3429 707 3500 Hallcy.
780 3436 821 3484 28.
843 3430 918 3484 ἔσται
934 3426 1102 3496 τετμημένη

88 3501 198 3572 scripsi,
216 3500 370 3572 τετμημένη
389 3502 447 3572 Vc,
466 3501 596 3575 τέτμηται
613 3501 729 3574 Halley.

1139 3501 1156 3599 i
