2430 3854
133 187 195 251 158
446 190 534 240 ΠΕΡΙ
551 189 678 241 mm*
696 189 832 242 ΤοΜΗΣ.

131 331 199 398 ἐπεὶ
223 329 284 399 οὖν
306 334 343 398 τὸ
362 329 423 418 μὲν
441 332 504 398 άπὸ
523 342 581 417 τῆς
595 337 660 397 AB
683 343 751 397 τῶν
769 332 833 398 άπὸ
853 337 927 416 AA,
941 336 1008 396 AB
1032 335 1144 416 μειῖόν

131 438 258 528 ἐστιτῷ
274 437 327 517 δὶς
339 439 404 505 ὑπὸ
420 445 494 524 AA,
508 445 586 523 AB,
604 438 753 504 τουτέστι
766 449 812 527 τῷ
828 437 880 534 δὶς
893 439 958 505 ὑπὸ
973 443 1049 522 AA,
1064 444 1142 524 AZ,

130 548 167 611 τὸ
195 543 232 611 δέ
259 544 323 610 άπὸ
350 548 421 610 AF
448 556 515 610 τῶν
542 545 606 610 άπὸ
634 550 719 628 AA,
742 547 813 608 AF
836 548 972 610 ἔλαττόν
999 544 1068 610 έστι
1096 555 1143 634 τῷ

130 653 219 740 αὐτῷ
247 661 292 740 τῷ
321 650 373 730 δλς
399 650 464 716 ὑπὸ
492 656 575 734 AA,
599 655 683 734 AZ,
714 652 755 715 τά
785 653 849 738 άρα
877 651 940 717 άπὸ
970 657 1051 735 BA,
1077 656 1147 717 AF

96 765 186 825 οίσα
210 756 279 824 έστλ
301 769 371 834 τοῖς
393 755 456 822 άπὸ
480 761 557 840 BA,
576 760 647 821 AF
667 755 722 822 παλ
745 766 791 845 τῷ
815 755 867 833 δὶς
890 757 953 822 άπὸ
976 766 1035 840 τῆς
1058 765 1142 823 AA·

130 867 209 953 ὅπερ
233 866 300 930 ἔδει
323 862 434 943 δείξαι.

605 986 660 1044 ιη.

193 1077 269 1144 Ἐάν
287 1077 456 1165 τεσσάρων
474 1077 617 1142 εὐθειῶν
635 1075 655 1159 A
672 1077 784 1163 πρώτη
803 1078 886 1163 πρὸς
902 1078 964 1160 τὴν
978 1077 1141 1165 δευτέραν

128 1189 260 1271 μείζονα
287 1188 388 1268 λόγον
416 1187 472 1270 ἔχη
500 1185 581 1270 ἤπερ
609 1182 629 1266 A
655 1186 749 1270 τρίτη
776 1185 860 1270 πρὸς
886 1185 947 1268 τὴν
969 1185 1140 1269 τετάρτην,

75 1307 108 1354 10
127 1292 182 1359 καλ
214 1294 251 1357 τὸ
284 1291 348 1357 άπὸ
379 1301 437 1375 τῆς
463 1292 595 1378 πρώτης
626 1291 709 1377 πρὸς
740 1291 778 1355 τὸ
807 1290 870 1356 άπὸ
897 1300 956 1375 τῆς
982 1291 1141 1378 δευτέρας

64 1421 67 1428 ’
127 1404 258 1485 μείζονα
286 1401 387 1481 λόγον
414 1395 477 1475 ἕξει
504 1399 586 1484 ἥπερ
615 1399 651 1462 τὸ
680 1396 743 1462 άπὸ
772 1406 829 1481 τῆς
852 1400 964 1481 τρίτης
989 1400 1074 1485 πρὸς
1103 1400 1140 1464 τὸ

127 1506 191 1571 άπὸ
219 1514 277 1589 τῆς
303 1504 465 1591 τετάρτης.
511 1503 575 1569 πάν
602 1505 639 1569 τὸ
667 1503 730 1569 άπὸ
757 1513 816 1587 της
838 1506 969 1590 πρώτης
994 1507 1078 1589 πρὸς
1102 1507 1140 1570 τὸ

128 1611 191 1676 άπὸ
215 1620 273 1695 τῆς
295 1609 450 1697 δευτέρας
473 1613 604 1695 μείζονα
627 1613 729 1692 λόγον
752 1613 808 1696 ἔχη
831 1611 913 1697 ἥπερ
937 1612 973 1675 τὸ
998 1609 1061 1676 άπὸ
1082 1621 1141 1695 της
1169 1661 1171 1665 ,

127 1721 240 1805 τρίτης
261 1719 344 1804 πρὸς
366 1718 403 1782 τὸ
427 1716 490 1783 άπὸ
513 1726 571 1801 τῆς
594 1718 762 1804 τετάρτης,
789 1716 810 1800 A
833 1718 945 1804 πρώτη
971 1719 1055 1802 πρὸς
1077 1720 1140 1802 τὴν

76 1837 108 1885 15
128 1824 286 1912 δευτέραν
313 1827 444 1909 μείζονα
471 1827 572 1908 λόγον
600 1828 664 1908 ἔχει
691 1825 773 1910 ἥπερ
801 1823 821 1907 A
845 1827 938 1910 τρίτη
965 1825 1049 1911 πρὸς
1077 1827 1140 1909 τὴν

126 1931 293 2017 τετάρτην.

193 2041 340 2103 ἔστωσαν
359 2036 488 2102 εὐθεῖαι
506 2039 543 2102 αί
558 2043 601 2120 A,
615 2041 654 2121 B,
675 2039 712 2120 F,
729 2042 773 2120 A,
798 2035 894 2120 ἐχέτω
914 2033 951 2100 δὲ
969 2037 989 2120 A
1004 2043 1038 2101 A
1055 2039 1140 2124 πρὸς

125 2146 187 2228 τὴν
210 2149 239 2209 Β
266 2147 397 2229 μείζονα
424 2147 525 2226 λόγον
551 2144 634 2230 ἥπερ
661 2143 681 2226 A
707 2147 739 2208 F
761 2145 843 2230 πρὸς
870 2145 931 2227 τὴν
954 2149 995 2209 A.
1042 2144 1137 2229 λέγω,

127 2251 177 2316 ότι
208 2249 264 2316 παλ
296 2252 333 2316 τὸ
361 2249 424 2316 άπὸ
451 2259 510 2335 τῆς
531 2256 564 2314 A
595 2251 678 2337 πρὸς
704 2252 741 2315 τὸ
769 2250 833 2315 άπὸ
862 2258 919 2333 τῆς
947 2254 974 2314 Β
1005 2254 1138 2334 μείζονα

74 2369 107 2418 20
126 2360 227 2440 λόγον
250 2360 315 2442 ἔχει
337 2358 419 2443 ἥπερ
443 2357 480 2422 τὸ
505 2356 568 2422 άπὸ
592 2366 650 2441 τῆς
674 2360 706 2421 Γ
722 2358 805 2444 πρὸς
825 2357 863 2422 τὸ
887 2355 950 2420 άπὸ
974 2365 1032 2440 τῆς
1054 2363 1096 2421 A.

193 2462 262 2529 ε’πελ
284 2463 347 2550 γάρ
371 2463 388 2529 ὁ
412 2471 470 2547 τῆς
492 2469 524 2527 A
551 2463 634 2550 πρὸς
660 2464 720 2546 τὴν
742 2467 771 2527 Β
801 2466 899 2545 λόγος
925 2465 1043 2546 μείζων
1067 2462 1137 2528 ἐστὶ

125 2580 185 2636 τοῦ
208 2579 266 2654 τῆς
285 2573 317 2635 Γ
333 2571 416 2656 πρὸς
437 2570 499 2652 τὴν
517 2574 560 2654 A,
582 2567 673 2653 καλό
693 2578 753 2634 τοῦ
771 2573 918 2653 μείζονος
936 2570 1000 2652 άρα
1019 2569 1136 2633 διπλά-

125 2694 197 2752 σιος
220 2679 339 2760 μείζων
367 2673 435 2741 ἐστὶ
463 2683 522 2741 τοῦ
550 2684 610 2739 τοῦ
634 2675 807 2752 ἐλάττονος
834 2676 1019 2740 διπλασίου.
1066 2679 1138 2740 ε”στι

125 2780 162 2848 δὲ
184 2791 245 2846 τοῦ
268 2779 328 2866 μέν
351 2790 409 2865 τῆς
431 2787 463 2845 A
489 2781 574 2867 πρὸς
600 2783 661 2865 τὴν
684 2786 713 2846 Β
740 2785 842 2864 λόγου
870 2785 1017 2866 μείζονος
1040 2784 1137 2858 όντος

71 2901 105 2950 25
125 2889 298 2963 διπλάσιος
321 2887 338 2953 ὁ
361 2895 421 2952 τοῦ
445 2885 508 2952 άπὸ
532 2895 590 2970 τῆς
607 2893 639 2951 A
661 2889 744 2974 πρὸς
762 2888 799 2953 τὸ
819 2887 881 2953 άπὸ
900 2897 957 2972 τῆς
976 2892 1003 2952 Β
1027 2890 1136 2972 λόγος,

122 3004 183 3062 τοῦ
216 2993 252 3060 δὲ
285 3003 342 3078 της
375 2996 407 3057 Γ
432 2995 516 3080 πρὸς
547 2995 608 3077 την
636 2999 669 3058 A
700 2997 802 3078 λόγον
835 2994 1007 3072 ε’λάττονος
1039 2997 1136 3072 ’όντος

125 3102 297 3179 διπλάσιος
319 3100 337 3167 ό
361 3109 421 3167 τοῦ
444 3099 508 3166 άπὸ
531 3109 590 3185 τῆς
613 3103 645 3165 Γ
666 3103 749 3188 πρὸς
776 3104 813 3166 τὸ
837 3101 899 3166 άπὸ
922 3110 980 3184 τῆς
1002 3108 1047 3165 A·
1079 3101 1136 3167 καὶ

125 3209 143 3275 δ
162 3218 221 3274 τοῦ
241 3207 304 3274 άπὸ
323 3216 381 3292 τῆς
398 3213 431 3272 A
453 3209 518 3293 άρα
535 3207 619 3293 πρὸς
636 3208 672 3273 τὸ
692 3205 756 3273 άπὸ
774 3216 831 3290 τῆς
850 3212 877 3272 Β
902 3210 999 3290 λόγος
1017 3212 1136 3291 μείζων

125 3313 194 3382 ἐστὶ
217 3324 277 3380 τοῦ
301 3323 360 3380 τοῦ
384 3313 447 3380 άπὸ
470 3323 529 3397 τῆς
552 3316 584 3378 Γ
601 3314 684 3401 πρὸς
707 3315 743 3380 τὸ
767 3313 830 3379 άπὸ
854 3323 911 3397 της
932 3319 974 3378 A.

136 3520 138 3526 .
189 3476 213 3526 1.
232 3473 305 3544 AB]
320 3476 374 3527 BA
387 3489 417 3544 p.
505 3469 562 3527 ἀπό
574 3469 658 3545 (alm
675 3468 732 3525 ἀπὸ
750 3479 805 3525 τῶν
823 3488 851 3540 p.
936 3475 960 3524 3.
980 3475 1040 3538 AA,
1060 3473 1136 3544 AF]

103 3540 227 3608 Comm.;
254 3549 319 3614 ΑΔ,
339 3549 402 3600 AF
416 3545 475 3619 Vc,
500 3554 558 3604 τῶν
580 3547 640 3617 FA,
656 3548 724 3615 ΔΑ,
749 3546 905 3608 Aem,
922 3558 954 3608 ρ,
1028 3545 1054 3592 ο.
1071 3542 1147 3609 mx
