2430 3854
372 165 422 214 DE
441 163 618 216 sacriora
638 163 818 218 OYLINDRI.
1059 162 1101 225 27

89 310 125 370 Κ
143 306 273 390 quidem
295 305 330 370 in
352 306 449 391 plano
470 310 608 370 ΖΕΗΘ
631 310 690 370 esl.
731 307 884 391 quoniam
908 311 1017 373 aulem
1037 311 1102 372 ΓΔ

87 414 123 480 in
144 413 241 498 plano
262 417 369 498 ΖΕΗ
372 418 400 477 Θ
422 418 472 478 est
496 417 528 477 el
550 413 586 477 in
607 435 645 477 ea
663 413 808 496 positum
826 417 868 497 K,
891 418 1049 497 puuctum
1069 418 1104 478 K

86 521 123 585 in
152 519 250 604 plano
279 523 417 584 ΖΕΗΘ
448 519 593 604 positum
623 524 681 584 est.
731 520 840 605 itaque
869 523 904 584 K
929 525 963 584 et
990 525 1040 585 est
1066 522 1102 584 in

86 627 184 712 plano
208 631 241 691 el
263 649 330 691 non
353 632 416 713 θεῖς
439 627 526 710 quod
548 626 619 691 fieri
641 648 708 690 non
725 631 842 711 potest.
885 649 963 712 ergo
983 631 1048 692 ΓΛ
1065 628 1101 691 in

87 734 256 818 superficie
279 756 345 798 non
368 738 425 798 est.
1097 731 1099 736 ’

153 838 220 904 iam
247 862 325 904 uero
354 845 445 905 extra
472 862 544 904 eam
572 840 629 925 sit,
657 845 690 904 et
719 845 850 924 sumplo
873 840 909 904 in
932 863 1009 905 arou
1031 845 1105 905 EH

87 949 209 1029 punolo
235 947 344 1030 aliquo
369 951 400 1010 Λ
423 947 560 1011 dueatur
583 950 660 1011 ΚΛ.
706 949 775 1010 ΚΛ
796 947 900 1032 igilur
922 947 957 1011 in
980 952 1101 1013 utram-

87 1075 150 1138 que
185 1057 312 1137 partem
347 1054 505 1138 producta
540 1057 690 1117 neutram
722 1057 885 1118 rectarum
916 1056 1002 1136 ΕΗ,
1036 1058 1100 1118 ΖΘ

86 1160 223 1247 s'eoabib3
260 1181 358 1244 quare
390 1163 459 1223 ΚΛ
489 1159 525 1222 in
556 1160 654 1243 plano
689 1163 829 1224 ΖΕΗΘ
860 1181 926 1223 non
959 1160 1034 1244 erit3
1066 1164 1099 1223 el

87 1268 212 1354 reliqua
234 1265 407 1331 manifesta
431 1271 515 1330 sunt.

565 1458 621 1525 IX.

155 1584 190 1650 Si
214 1585 377 1669 cylindrus
401 1586 499 1670 plano
523 1590 650 1650 secatur
668 1606 771 1668 neque
791 1585 923 1650 basibus
942 1585 1098 1669 parallelo

86 1715 190 1776 neque
219 1691 381 1757 contrario
409 1714 512 1775 neque
540 1713 598 1775 per
626 1713 719 1756 axem
741 1692 849 1775 posito
873 1714 977 1776 neque
1000 1692 1097 1776 plano

87 1821 145 1883 per
173 1820 266 1862 axem
292 1798 401 1882 posito
424 1798 592 1882 parallelo,
621 1798 722 1862 aeolio
745 1820 849 1882 neque
873 1798 1011 1863 circulus
1036 1799 1098 1862 erit

86 1927 191 1988 neque
214 1906 318 1991 figura
340 1905 516 1970 rectilinea.

154 3287 199 3352 sit
226 3286 403 3371 cylindrus,
435 3286 525 3351 ouius
553 3286 646 3350 bases
675 3286 741 3350 sint
768 3292 815 3370 A,
846 3290 874 3350 B
903 3285 1028 3368 circuli,
1064 3289 1097 3348 et

85 3393 184 3479 plano
208 3396 335 3458 secelur
357 3413 460 3476 neque
483 3391 616 3456 basibus
635 3391 791 3475 parallelo
808 3412 913 3473 neque
932 3389 1095 3456 contrario

85 3521 195 3585 neque
217 3521 276 3583 per
305 3520 397 3563 axem
419 3520 523 3583 neque
547 3497 601 3564 axi
623 3497 782 3587 parallelo
804 3497 932 3584 puello.
974 3495 1127 3578 pam
