2430 3854
124 159 168 223 64
394 159 481 210 ΠΕΡΙ
499 155 712 209 ΚΤΛῘΝΔΡΟΤ
730 156 866 208 ΤΟΜΗΣ.

31 310 33 314 ’
124 302 214 368 έστιν
241 302 261 385 ἡ
292 306 359 366 ΘΧ
380 301 482 387 ὀρθία
509 309 569 365 τοῦ
602 300 713 376 εἴδους
744 299 885 384 πλευρά·
927 299 947 382 ῆ
979 301 1044 384 ἀρα
1074 305 1144 365 ΘΧ

124 407 179 473 καί
198 407 250 473 ἐπὶ
268 417 326 492 τῆς
343 416 403 473 τοῦ
422 407 604 488 κυλίνδρου
622 415 724 490 τομῆς
742 406 844 491 ὀρθία
864 403 932 470 ἐστὶ
950 415 1010 469 τοῦ
1026 408 1138 483 είδους

122 514 256 599 πλευρά.
298 512 367 579 ἐπεὶ
388 510 462 596 οὖν,
486 513 530 589 ὡς
553 513 573 596 ῆ
599 517 672 577 ΘΗ
689 513 771 597 πρὸς
793 513 854 595 τῆν
875 516 946 596 ΘΧ,
970 513 1076 590 οὕτως
1099 517 1136 579 τὸ

122 621 186 686 ὑπὸ
210 632 278 685 τῶν
300 625 340 684 Η
345 626 389 703 Φ,
412 625 479 684 ΦΘ
503 621 586 705 πρὸς
608 621 645 684 τὸ
669 619 733 684 ἀπὸ
756 628 813 702 τῆς
839 624 918 702 ΦΥ,
942 618 1076 702 ἐδείχθη
1101 617 1143 685 δέ

88 726 177 792 ὁκαὶ
205 725 259 792 ἐπὶ
286 736 344 810 τῆς
371 735 431 791 τοῦ
458 728 640 812 κυλίνδρου
667 735 781 810 τομῆς,
810 726 854 802 ὡς
881 725 901 808 ῆ
929 729 1052 808 πλαγία
1077 736 1136 791 τοῦ

122 835 232 910 είδους
259 834 386 919 πλευρὰ
412 835 495 918 πρὸς
521 834 583 916 τῆν
610 832 747 919 ὀρθίαν,
778 832 883 908 οὕτως
911 833 947 896 τὸ
975 833 1040 896 ὑπὸ
1068 845 1136 898 τῶν

121 940 297 1025 τμημάτων
320 948 378 1023 τῆς
402 931 579 1025 διαμέτρου
602 939 685 1025 πρὸς
705 941 745 1004 τὸ
769 938 832 1003 ἀπὸ
856 947 914 1021 τῆς
931 937 1137 1024 κατηγμένης

123 1045 175 1112 ἐπ’
202 1047 306 1130 αὐτὴν
333 1044 536 1130 τεταγμένως
562 1044 618 1110 καὶ
645 1047 804 1128 ποιούσης
830 1046 870 1109 τά
892 1046 1057 1129 τμήματα,
1081 1045 1136 1111 καὶ

123 1152 175 1219 έπλ
204 1163 260 1238 τῆς
287 1162 347 1217 τοῦ
375 1154 556 1238 κυλίνδρου
580 1154 644 1238 ἀρα
666 1161 781 1237 τομῆς,
809 1152 854 1227 ὡς
876 1152 896 1236 ῆ
922 1155 995 1216 ΘΗ
1013 1157 1137 1235 πλαγία

72 1273 105 1322 10
123 1270 183 1325 τοῦ
202 1261 313 1335 είδους
330 1260 456 1345 πλευρὰ
474 1261 556 1344 πρὸς
574 1261 636 1343 τῆν
657 1263 724 1323 ΘΧ
738 1257 870 1344 ὀρθίαν,
890 1258 995 1334 οὕτως
1013 1259 1050 1323 τὸ
1070 1259 1135 1325 ὑπὸ

122 1377 188 1431 τῶν
207 1369 246 1429 Η
249 1371 290 1448 Φ,
311 1370 378 1429 ΘΦ
400 1367 483 1451 πρὸς
505 1367 542 1430 τὸ
567 1365 630 1430 ἀπὸ
653 1374 711 1448 τῆς
735 1371 807 1448 ίσης
829 1373 869 1449 τῆ
892 1369 956 1428 ΥΦ
973 1363 1029 1429 καὶ
1052 1368 1136 1451 πρὸς

123 1480 195 1549 ίσας
227 1475 349 1554 γωνίας
379 1471 540 1555 ἀγομένης
568 1470 621 1536 ἐπὶ
647 1472 709 1554 τῆν
739 1475 814 1535 ΘΗ.
862 1468 933 1535 ἀλλ’
963 1471 983 1554 ἡ
1013 1477 1068 1555 λ’ση
1096 1482 1135 1558 τῆ

125 1583 189 1642 ΤΦ
221 1577 276 1642 καὶ
308 1580 390 1663 πρὸς
418 1584 491 1654 ίσας
518 1583 641 1660 γωνίας
668 1575 718 1641 ἐπ’
749 1578 853 1660 αὐτὴν
881 1576 1025 1662 ἀγομένη
1053 1581 1137 1644 κατά

122 1687 158 1750 τὸ
185 1690 216 1749 Φ
239 1685 300 1769 οὐχ
323 1682 416 1770 ἑτέρα
440 1682 508 1749 ἐστὶ
531 1693 589 1768 τῆς
615 1689 688 1748 ΥΦ.
734 1683 754 1767 ῆ
779 1685 843 1769 ἀρα
869 1688 938 1747 ΦΥ
957 1683 1012 1748 καὶ
1036 1685 1073 1750 ἐν
1096 1697 1135 1772 τῆ

71 1804 103 1852 15
122 1801 181 1875 τοῦ
210 1792 392 1876 κυλίνδρου
420 1788 489 1855 ἐστὶ
515 1800 611 1875 τομῆ·
639 1791 677 1855 τδ
705 1791 768 1875 ἀρα
796 1796 825 1853 Y
844 1802 980 1874 σημεῖον
1003 1789 1056 1855 ε’πλ
1080 1803 1137 1876 τῆς

123 1908 182 1963 τοῦ
209 1899 320 1963 κώνου
348 1897 541 1982 ἐπιφανείας
567 1895 608 1960 δν
634 1894 690 1961 καὶ
714 1894 767 2000 ἐπὶ
789 1906 847 1980 τῆς
869 1905 929 1961 τοῦ
953 1899 1135 1985 κυλίνδρου

122 2004 212 2071 ε’στλν
240 2004 440 2089 ἐπιφανείας.
486 2003 607 2087 ὁμοίως
635 2000 672 2067 δὲ
695 2004 879 2086 δείκνυται,
902 2002 965 2067 κάν
988 2003 1137 2071 δσασοῦν

122 2112 243 2196 δμοίως
269 2108 473 2194 τεταγμένως
500 2109 682 2194 ἀγάγωμεν.
732 2109 752 2191 ἡ
783 2113 886 2174 ΘΡΗ
909 2112 974 2196 ἀρα
1002 2115 1135 2197 γραμμὴ

123 2217 159 2283 έν
185 2229 257 2294 ταῖς
283 2217 489 2302 ἐπιφανείαις
517 2213 606 2281 ἐστίν
634 2214 830 2301 ἀμφοτέρων
855 2227 922 2281 τῶν
945 2218 1134 2301 σχημάτων·

72 2323 143 2407 2οῆ
170 2328 273 2388 ΘΡΗ
292 2325 355 2409 ἀρα
378 2325 460 2408 τομὴ
483 2325 542 2407 μία
564 2320 620 2386 καί
642 2322 662 2405 ῆ
686 2322 768 2405 αὐτῆ
793 2322 829 2387 ἐν
848 2321 1047 2408 ἀμφοτέροις
1067 2324 1135 2390 ἐστὶ

123 2442 192 2507 τοῖς
215 2431 364 2514 σχήμασι.
405 2428 460 2494 καὶ
484 2427 553 2494 ἐπεὶ
575 2428 821 2510 κατεσκευάοθη
845 2428 864 2510 ῆ
888 2429 952 2493 ὑπὸ
973 2434 1048 2513 ΓΑ,
1067 2438 1135 2497 ΑΕ

123 2539 242 2619 γωνία,
278 2532 448 2600 τουτέστιν
479 2534 499 2617 ῆ
531 2535 596 2599 ὑπὸ
629 2538 715 2618 ΛΗ,
742 2538 827 2617 ΗΘ,
859 2536 931 2617 ῆτοι
963 2541 1083 2619 μείζων
1114 2538 1133 2622 ῆ

124 2641 268 2707 έλάττων
290 2638 375 2707 οὖσα
398 2650 454 2724 τῆς
476 2642 559 2726 πρὸς
582 2651 626 2728 τῷ
651 2646 694 2724 Β,
724 2642 744 2725 ῆ
767 2643 831 2726 ἀρα
855 2643 935 2725 τομῆ
959 2643 1021 2708 οὒκ
1045 2644 1133 2710 ἐστιν

123 2747 315 2812 ὑπεναντία·
339 2747 480 2830 ῆΘΡΗ
489 2748 552 2832 ἀρα
570 2749 652 2831 τομῆ
672 2749 733 2812 οὔκ
752 2747 820 2812 ἐστι
839 2748 969 2824 κύκλος·
990 2752 1133 2829 ἔλλειψις

70 2866 104 2915 25
123 2855 188 2939 ἀρα
220 2850 308 2916 ἐστὶν
336 2852 356 2935 ἡ
387 2857 494 2917 ΘΡΗ.
544 2852 599 2918 καὶ
626 2863 686 2919 τοῦ
714 2855 823 2919 κώνου
852 2857 915 2940 ἀρα
942 2865 1007 2920 τοῦ,
1032 2856 1130 2923 έκκει-

124 2959 225 3045 μένου
248 2957 385 3024 καὶτοῦ
408 2960 589 3044 κυλίνδρου
613 2961 633 3044 ῆ
656 2962 737 3044 τομῆ
762 2961 843 3044 αὕτη
867 2964 1010 3039 ἔλλειψίς
1029 2963 1130 3030 ἐστιν’

125 3069 203 3152 ὅπερ
227 3067 293 3130 ἔδει
317 3064 429 3144 δείξαι.

195 3371 218 3419 2.
243 3361 304 3436 ἐπί]
329 3364 375 3419 ἐπὶ
393 3373 441 3434 τῆς
459 3373 507 3419 τοῦ
527 3366 619 3420 κάνου
638 3366 686 3420 καλ
705 3363 751 3420 ἐπί
768 3385 795 3436 p.
878 3372 902 3421 3.
928 3369 1002 3440 ΘΗ]
1028 3373 1088 3427 ΗΘ
1104 3389 1128 3440 p.

159 3443 181 3489 9,
205 3439 266 3491 ΘΗ
294 3454 343 3505 vp,
364 3441 394 3490 H
410 3437 612 3506 euan.V(O?)‚
633 3440 723 3492 ΘΟο.
786 3444 825 3492 11.
848 3439 914 3511 ΘΦ]
935 3441 991 3495 ΦΘ
1008 3459 1035 3510 p.
1092 3447 1128 3494 12.

106 3436 415 3582 dyopebmjdyouqu]
436 3508 525 3580 ch?
584 3514 627 3564 13.
646 3505 764 3581 γωνίαςῆ
779 3526 829 3578 ορ,
846 3507 961 3573 εὐθείας
974 3511 1008 3582 V,
1028 3533 1069 3582 γρ.
1086 3517 1130 3568 Γω
