2430 3854
125 153 168 216 84
395 154 483 205 ΠΕΡΙ
501 152 717 205 111111111Ρο1
734 154 871 207 Τοιυῑε.

125 304 195 363 ΑΛ
217 297 365 383 πλευράν
387 297 407 381 ή
429 300 505 360 ΓΛ·
529 296 680 380 ἐλαχίστη
704 298 768 378 άρα
792 295 882 362 ἐστὶν
900 297 920 380 ῆ
940 300 1006 362 ΓΔ
1024 311 1143 365 πασῶν

125 417 192 470 τῶν
211 415 282 480 ταῖς
295 409 376 486 ΑΔ,
392 407 451 467 ΓΒ
466 405 689 486 παραλλήλοις
703 402 944 487 ἐμπιπτονσῶν.
972 407 1143 488 εἰλήφθω-

125 528 188 576 σαν
212 509 265 594 ἐφ’
292 508 427 592 ἑκάτερα
450 519 510 574 τοῦ
533 515 566 573 Δ
590 516 659 574 ίσαι
682 509 811 574 εὐθεῖαι
835 511 872 574 αι’
892 515 969 594 ΕΔ,
989 517 1063 594 ΛΖ,
1087 512 1142 577 καὶ

124 617 373 701 ἐπεζεύχθωσαν
396 617 433 680 αί
451 620 521 699 ΕΓ,
537 619 610 681 ΓΖ·
635 622 688 700 ίση
712 617 776 702 άρα
799 615 819 698 ῆ
838 619 907 681 ΕΓ
919 625 959 702 τῆ
980 621 1050 683 ΖΓ.
1085 619 1142 684 ε’διν

90 737 106 784 5
125 721 188 791 οὖν
206 725 289 789 κατὰ
307 725 366 788 τὸν
383 721 653 809 παραδεδομένον
671 725 795 809 τρόπον
814 722 989 808 ἀγάγωμεν
1003 725 1061 789 διὰ
1075 737 1141 791 τῶν

126 835 199 914 ΓΕ,
225 834 286 895 ΓΖ
309 830 461 912 έπίπεδα,
488 840 579 913 τεμεῖ
602 829 661 894 τὸν
683 829 875 915 κύλινδρον.
919 829 1062 914 τεμνέτω
1087 832 1141 897 καὶ

123 940 256 1002 ποιείτω
289 938 347 1011 τὰς
377 938 496 1019 ΕΗΓ,
525 938 627 1000 ΖΘΓ
658 935 826 1013 ἐλλείψεις.
882 934 965 1018 λέγω
1000 938 1057 1022 δή,
1090 939 1139 1003 ὅτι

124 1045 237 1128 ὅμοιαί
258 1045 351 1108 εἰσιν.

191 1147 260 1215 ἐπεὶ
292 1148 369 1231 γάρ,
403 1148 447 1223 ὡς
479 1149 515 1213 τὸ
544 1147 607 1213 άπὸ
635 1156 693 1231 τῆς
719 1151 788 1211 ΕΓ
809 1149 892 1234 πρὸς
919 1150 956 1213 τὸ
985 1147 1050 1215 άπὸ
1083 1161 1139 1234 τῆς

71 1269 104 1316 1ο
125 1261 203 1340 ΓΑ,
236 1255 342 1331 οὕτως
372 1255 409 1319 τὸ
443 1253 507 1318 άπὸ
534 1262 592 1337 τῆς
620 1257 686 1318 ΖΓ
708 1255 790 1340 πρὸς
817 1256 854 1320 τὸ
883 1254 947 1320 άπὸ
975 1264 1033 1338 τῆς
1067 1260 1138 1340 ΓΑ,

124 1363 207 1427 άλλδι
230 1363 266 1426 τὸ
290 1358 350 1444 μὲν
374 1360 437 1425 άπὸ
461 1369 518 1443 τῆς
540 1363 609 1425 ΕΓ
625 1362 708 1446 πρὸς
730 1361 767 1425 τὸ
796 1360 860 1426 άπὸ
888 1371 946 1444 τῆς
974 1365 1041 1426 ΓΑ
1071 1363 1137 1428 ε’στι

123 1470 160 1532 τὸ
185 1467 248 1532 άπὸ
271 1476 328 1551 τῆς
346 1470 416 1531 ΕΓ
434 1464 613 1552 διαμέτρου
635 1476 694 1549 τῆς
716 1460 816 1552 τομῆς
839 1469 922 1551 πρὸς
942 1469 979 1532 τὸ
999 1468 1064 1533 άπὸ
1084 1479 1139 1552 τῆς

123 1571 223 1658 ἑαυτῆ
247 1576 409 1654 συζυγοῦς
432 1572 620 1658 διαμέτρου,
643 1574 680 1639 τὸ
704 1570 741 1638 δέ
760 1573 823 1640 άπὸ
842 1583 900 1659 τῆς
919 1577 986 1639 ΖΓ
999 1576 1084 1659 πρὸς
1101 1577 1137 1641 τὸ

123 1679 187 1744 άπὸ
211 1688 268 1763 τῆς
288 1682 352 1742 ΓΑ
376 1679 443 1743 ἐστι
466 1681 503 1745 τὸ
528 1679 591 1744 άπὸ
609 1688 667 1764 τῆς
686 1684 752 1745 ΖΓ
766 1680 944 1768 διαμέτρου
962 1689 1021 1765 τῆς
1040 1692 1139 1766 τομῆς

71 1801 103 1848 15
122 1789 206 1873 πρὸς
233 1787 270 1851 τὸ
299 1786 362 1852 ἀπὸ
390 1795 448 1870 τῆς
475 1790 637 1868 συζυγοῦς
664 1784 763 1871 ἑαυτῆ
792 1786 984 1874 διαμέτρου,
1012 1787 1069 1853 καὶ
1096 1790 1138 1865 ὡς

123 1896 187 1980 άρα
219 1892 239 1976 ή
272 1896 341 1956 ΕΓ
367 1891 541 1979 διάμετρος
572 1894 655 1974 πρὸς
686 1894 747 1977 τήν
780 1891 879 1980 ἑαυτῆ
911 1897 1036 1978 συζυγῆ
1068 1897 1137 1960 διά-

122 2025 257 2086 μετρον,
290 2000 377 2065 οὕτω
408 1997 463 2063 καὶ
494 1998 514 2082 ή
546 2001 612 2063 ΖΓ
636 1999 811 2086 διάμετρος
839 2001 922 2086 πρὸς
948 2002 1010 2084 τήν
1039 2000 1136 2088 ἑαυτῆ

123 2111 247 2192 συζυγῆ
276 2107 460 2192 διάμετρον.
512 2105 594 2171 ἀλλὰ
621 2103 677 2170 καὶ
704 2108 787 2192 πρὸς
815 2113 888 2183 ίσας
916 2110 1041 2190 γωνίας
1068 2107 1136 2194 τέμ-

122 2238 238 2279 νονται
262 2214 299 2279 ε’ν
322 2211 458 2299 ἑκατέρᾳ
480 2214 518 2277 αλ
538 2213 717 2299 διάμετροι,
741 2213 786 2289 ὡς
809 2213 942 2298 έδείχθη
965 2215 1137 2292 πολλάκις·

70 2335 103 2383 20
123 2322 233 2407 ὅμοιαι
262 2323 326 2404 άρα
354 2320 510 2403 ἀλλήλαις
537 2317 622 2384 είσὶν
650 2321 687 2383 αί
706 2323 823 2405 ΕΗΓ,
848 2323 949 2385 ΖΘΓ
968 2319 1136 2399 ἐλλείψεις.

188 2427 251 2493 κάν
274 2426 386 2510 ἑτέρας
409 2425 446 2491 δὲ
470 2426 636 2511 άπολάβης
660 2431 732 2503 ίσας
751 2426 886 2503 εὐθείας
900 2424 979 2511 παρ’
1001 2425 1136 2516 ἑκάτερα

122 2544 181 2599 τοῦ
204 2541 248 2618 Δ,
271 2537 491 2616 συστήσονται
514 2533 614 2598 πάλιν
637 2531 744 2619 ἕτεραι
766 2533 827 2597 δύο
847 2532 1007 2611 ἐλλείψεις
1026 2535 1135 2619 ὅμοιαι

123 2640 287 2724 ἀλλήλαις.

190 2743 427 2829 ἐπισημαντέον
459 2743 509 2828 δέ,
543 2745 592 2810 ὅτι
625 2743 678 2810 ε’πὶ
705 2754 764 2809 τοῦ
791 2746 974 2829 κυλίνδρου
1009 2745 1134 2831 άνάγκη

71 2865 105 2914 25
124 2853 182 2927 τάς
206 2851 241 2916 έκ
264 2859 324 2915 τοῦ
347 2852 450 2916 αὐτοῦ
469 2848 591 2936 μέρους
613 2850 728 2936 ὁμοίας
750 2849 805 2916 καὶ
829 2845 1004 2928 ίσαςείναι
1024 2854 1134 2918 διὰτὸ

194 3158 218 3205 4.
241 3152 310 3221 ΖΓ]
331 3154 426 3231 PZp.
508 3154 531 3203 7.
552 3151 658 3230 ΕΗΓ]
680 3153 809 3218 PHEp.
888 3156 928 3204 10.
950 3154 1133 3274 FA(pr.p)]‚

123 3219 702 3288 Aecorr.m.1litteraeAsimilemV‚
723 3224 831 3274 PAvc
895 3226 936 3275 11
956 3221 1025 3293 ἐστι]
1013 3223 1133 3293 ].0mp

160 3301 200 3348 12.
219 3302 268 3363 τῆς
285 3295 382 3364 τομῆς]
402 3289 503 3361 έστίρ
578 3297 618 3345 13.
639 3289 735 3363 ἑαυτῆ]
724 3290 810 3362 ],Εῗ
831 3289 966 3346 ἑαυτοῦο
1073 3296 1133 3348 δια-

123 3364 234 3452 μετρου]
255 3381 353 3435 om.p
428 3370 469 3418 14.
489 3362 557 3434 ἐστι]
546 3363 675 3453 ]om.p.
734 3370 783 3432 τῆς
800 3361 930 3435 τομῆς]
886 3307 999 3435 στί)
991 3381 1019 3433 p
1094 3370 1132 3418 15.

120 3434 285 3507 διαμέτρου]
305 3453 357 3490 om.
377 3455 403 3506 p.
488 3440 528 3488 16
548 3432 710 3526 διάμετρον]
729 3451 782 3489 om.
802 3453 828 3503 p
910 3440 950 3488 18.
971 3433 1133 3507 διάμετρον]

14 3508 18 3527 “
107 3521 160 3558 om
177 3525 206 3574 p
284 3510 411 3583 γωνίας]
429 3527 456 3580 p,
478 3504 635 3580 ΓίσαςΕ,
655 3504 769 3580 ]ίσας(ι
842 3511 882 3560 19.
903 3504 999 3578 έν]Ε,
1019 3524 1073 3562 om.
1088 3525 1132 3576 cp.
