2430 3854
120 143 161 207 72
389 145 477 196 ΠΕΡΙ
494 143 710 195 ΚΤΛΙΝΔΡΟΤ
728 143 864 196 ΤΟΜΗΣ.

120 293 219 355 ΓΒΔ
246 290 405 376 τριγώνῳ.
457 285 512 352 καὶ
540 284 609 352 ἐπεὶ
635 285 655 369 ι]
684 283 747 350 ΒΖ
774 284 883 371 τέμνει
911 289 973 371 τήν
1000 292 1085 371 ΒΗ,
1115 289 1136 371 ή

119 399 182 460 ΒΖ
206 397 270 480 άρα
293 393 514 479 ἐκβαλλομένη
538 393 645 470 πάσας
667 395 725 470 τάς
744 404 787 479 τῇ
809 397 883 457 ΒΗ
901 398 1137 480 παραλλήλους

121 500 171 566 ἐπ’
202 504 339 589 άπειρον
367 500 608 585 ἐκβαλλομένας
634 499 757 584 τέμνει·
789 498 844 564 καὶ
872 502 910 564 αλ
929 501 1137 588 παράλληλοι

121 604 183 674 οὖν
205 616 245 693 τή
263 613 326 672 ΒΖ
349 609 408 684 τάς
425 618 464 693 τή
484 611 558 672 ΒΗ
571 608 804 693 παραλλήλους
821 605 1007 691 τέμνουσιν.
1039 609 1136 692 ἤχθω

85 726 101 774 5
121 724 160 799 πή
178 719 242 778 ΒΖ
260 714 468 799 παράλληλος
486 713 506 797 ι]
526 718 610 779 ΜΝ
622 711 678 777 καὶ
699 712 899 797 ἐκβληθεῖσα
916 712 1059 798 τεμνέτω
1078 716 1139 790 τάς

124 825 205 903 ΘΛ,
224 824 293 885 ΕΚ
308 823 391 885 κατὰ
409 822 449 884 τά
468 821 504 904 Ξ,
521 825 549 885 0
568 831 694 904 σημεῖα,
713 817 768 884 καὶ
786 829 830 904 τῇ
845 825 910 884 ΕΘ
927 820 1139 906 παράλληλος

120 925 215 1011 ’ήχθω
236 926 260 1009 ή
283 931 352 992 ΚΛ
374 925 429 991 καὶ
451 925 527 1013 περὶ
548 928 610 1011 τήν
628 930 697 991 ΚΛ
717 920 893 1012 διάμετρον
916 927 1037 1003 κύκλος
1053 949 1137 1013 παρ-

122 1033 262 1116 άλληλος
288 1043 333 1121 τῷ
361 1031 436 1119 περὶ
464 1035 524 1117 τήν
547 1038 624 1097 ΕΘ·
657 1036 858 1117 νοήθήσεται
882 1033 922 1116 δή
945 1035 1137 1119 κύλινδρος,

123 1135 163 1204 οὗ
195 1139 308 1222 βάσεις
339 1135 399 1223 μὲν
431 1141 466 1204 ολ
495 1144 574 1222 ΕΘ,
597 1142 666 1204 ΚΛ
697 1140 828 1223 κύκλοι,
859 1141 896 1204 τὸ
928 1137 964 1203 δὲ
992 1141 1049 1204 διά
1076 1150 1138 1205 τοῦ

70 1258 104 1307 10
124 1244 241 1323 άξονος
262 1249 606 1332 παραλληλόγραμμον
628 1247 665 1311 τὸ
689 1249 770 1329 ΚΘ,
794 1247 949 1328 δηλονότι
975 1244 1032 1311 καὶ
1055 1246 1138 1312 αὐτὸ

122 1353 205 1437 πρὸς
227 1352 334 1438 ὀρθὰς
357 1351 396 1416 δν
419 1361 458 1437 τή
477 1352 580 1436 βάσει.
616 1350 672 1416 καὶ
690 1352 748 1418 ἐὰν
767 1351 824 1416 διδ
841 1361 901 1417 τοῦ
921 1357 965 1417 Μ
978 1363 1018 1438 τῇ
1038 1357 1138 1417 ΓΔΖ

122 1458 217 1540 βάσει
239 1459 322 1544 πρὸς
344 1457 451 1544 ὀρθάς
473 1458 647 1543 ἀγάγωμεν
666 1460 727 1542 τήν
745 1464 821 1523 ΜΡ
836 1458 872 1524 ἐν
891 1467 935 1546 τῳ
956 1459 1045 1546 αύτῳ
1069 1458 1138 1523 ἐπι-

122 1562 211 1651 πέδῳ
235 1559 340 1630 οὖσαν
363 1574 408 1652 τῳ
427 1572 460 1629 A
483 1566 592 1652 κύκλῳ
616 1563 671 1629 καὶ
694 1566 750 1630 διδι
772 1574 840 1629 τῶν
858 1569 938 1649 ΜΡ,
958 1569 1003 1629 Μ
1004 1569 1032 1629 0
1051 1566 1138 1630 διεκ-

123 1670 296 1753 βάλλωμεν
314 1670 481 1755 ἐπίπεδον,
499 1674 628 1755 ποιήσει
647 1670 683 1736 έν
701 1668 762 1755 μὲν
780 1679 825 1758 τῳ
844 1673 939 1758 κώνῳ
959 1672 1020 1753 τήν
1040 1675 1143 1736 ΝΣΤ

71 1789 105 1838 15
124 1779 280 1862 ἔλλειψιν,
305 1777 342 1842 ἐν
365 1775 402 1842 δὲ
424 1787 469 1861 τῷ
493 1778 660 1865 κυλίνδρῳ
685 1778 745 1860 τήν
770 1778 883 1861 ΟΦΞ,
908 1778 1078 1865 διάμετροι
1102 1776 1138 1842 δὲ

122 1892 181 1965 τής
203 1881 264 1968 μὲν
286 1883 306 1966 ἡ
330 1889 410 1968 ΝΤ,
433 1893 490 1969 τής
513 1881 549 1948 δὲ
572 1885 593 1967 ἡ
615 1884 684 1958 ΟΞ.
722 1882 806 1967 λέγω
831 1884 887 1968 δή,
912 1885 963 1949 ὅτι
986 1885 1006 1968 ἡ
1031 1889 1144 1950 ΝΣΤ

123 1993 267 2068 ἔλλειψις
288 2001 328 2076 τῇ
354 1990 457 2063 ΟΦΞ
478 1990 618 2068 ἐλλείψει
641 1989 738 2074 ὁμοία
762 1990 860 2056 ἐστίν.

191 2095 260 2160 ἐπεὶ
287 2099 350 2184 γάρ
380 2099 417 2162 αλ
439 2102 525 2180 ΟΜ,
548 2101 611 2161 ΒΖ
634 2097 843 2183 παράλληλοί
863 2099 948 2162 εἰσιν
971 2097 1139 2182 ἀλλήλαις,

116 2202 207 2268 άλλά
225 2201 281 2268 καὶ
300 2205 337 2268 αί
352 2207 428 2288 ΕΚ,
449 2208 524 2287 ΘΛ,
543 2207 617 2267 ΒΗ
631 2204 835 2289 παράλληλοι
854 2203 1020 2287 ἀλλήλαις,
1043 2207 1139 2288 κοινή

71 2322 105 2371 20
125 2307 162 2374 δὲ
184 2309 204 2393 ι]
228 2315 292 2375 ΕΖ
315 2308 434 2394 τέμνει,
457 2313 547 2375 ἔστιν
570 2311 644 2396 άρα,
668 2310 712 2385 ὡς
734 2309 754 2392 ἡ
776 2314 854 2374 OM
870 2311 953 2395 πρὸς
974 2311 1036 2393 τήν
1055 2316 1139 2395 ΜΕ,

124 2415 296 2481 τουτέστιν
320 2416 364 2493 ὡς
387 2415 407 2499 ι]
433 2416 497 2490 ΟΞ
516 2418 599 2503 πρὸς
621 2417 682 2500 τήν
703 2420 779 2501 ΘΕ,
803 2416 908 2492 οὕτως
930 2416 950 2499 ἡ
970 2420 1032 2481 ΒΖ
1056 2419 1140 2505 πρὸς

124 2525 186 2607 τήν
215 2527 297 2587 ΖΗ·
330 2521 385 2587 καὶ
412 2524 456 2598 ὡς
484 2525 548 2607 άρα
575 2524 612 2587 τὸ
641 2521 704 2587 άπὸ
732 2531 790 2606 τῆς
819 2522 883 2596 ΟΞ
907 2524 989 2608 πρὸς
1011 2525 1049 2588 τὸ
1074 2524 1139 2589 άπὸ

125 2639 183 2712 τής
203 2634 272 2712 ΘΕ,
290 2630 396 2704 οὕτως
414 2630 451 2693 τὸ
471 2628 534 2693 άπὸ
554 2637 611 2712 τής
628 2632 691 2692 ΒΖ
710 2630 794 2713 πρὸς
811 2630 848 2693 τὸ
868 2628 931 2693 άπὸ
951 2634 1025 2713 ΖΗ,
1044 2654 1139 2696 τουτ-

127 2733 195 2799 έστι
218 2737 301 2820 πρὸς
323 2737 360 2799 τὸ
383 2735 448 2799 ὑπὸ
470 2745 537 2799 τῶν
562 2738 637 2818 ΓΖ,
657 2739 731 2798 ΖΛ.
778 2733 850 2799 ἀλλ’
871 2735 916 2811 ὡς
933 2732 994 2819 μὲν
1016 2737 1054 2801 τὸ
1075 2737 1138 2802 ἀπὸ

73 2855 107 2904 25
126 2846 185 2924 τής
205 2841 269 2914 ΟΞ
290 2839 467 2926 διαμέτρου
485 2842 569 2921 πρὸς
587 2843 624 2905 τὸ
644 2839 706 2905 άπὸ
725 2850 783 2925 τής
803 2846 875 2925 ΘΕ,
894 2841 1000 2918 οὕτως
1018 2844 1056 2906 τὸ
1077 2843 1140 2908 ἀπὸ

125 2956 184 3031 τής
218 2946 281 3020 ΟΞ
311 2946 489 3034 διαμέτρου
518 2949 601 3033 πρὸς
632 2948 669 3012 τὸ
703 2946 766 3011 άπὸ
793 2956 851 3029 τής
878 2952 1041 3030 συζυγοῦς
1069 2950 1140 3014 δια-

126 3052 258 3140 μέτρου,
283 3051 362 3139 φέρε
385 3062 442 3136 τῆς
468 3057 556 3136 ΦΨ,
580 3053 625 3128 ὡς
648 3049 685 3117 δὲ
705 3054 742 3117 τὸ
761 3053 826 3118 άπὸ
844 3063 902 3137 τῆς
919 3058 983 3118 ΒΖ
1001 3057 1086 3139 πρὸς
1104 3057 1140 3120 τὸ

126 3160 191 3225 ὑπὸ
215 3171 282 3225 τῶν
306 3163 381 3243 ΓΖ,
406 3165 486 3242 ΖΛ,
509 3160 614 3236 οὕτως
637 3161 674 3224 τὸ
698 3159 761 3224 ἀπὸ
785 3168 842 3242 τῆς
865 3164 939 3225 ΝΤ
961 3161 1140 3248 διαμέτρου

179 3361 223 3408 ’1.
245 3354 316 3424 ΒΗ]
341 3358 395 3407 ΗΒ
416 3371 443 3421 p.
517 3357 542 3407 2.
562 3353 633 3423 ΒΗ]
658 3357 713 3406 ΗΒ
731 3370 758 3420 p.
837 3357 860 3406 9.
880 3350 985 3425 βάσεις]
1005 3371 1037 3423 p,
1061 3353 1142 3426 βάσις

128 3427 181 3481 Vc.
266 3429 307 3478 13.
327 3429 364 3497 τῷ
382 3429 404 3477 Α
424 3424 526 3496 κύκλῳ]
546 3433 604 3486 τοῖς
622 3423 735 3485 κύκλοις
752 3440 779 3490 p.
862 3421 1080 3497 διεκβάλλωμεν]
1100 3429 1142 3480 δι-

115 3495 286 3565 εκβάλιιμεν
299 3498 341 3564 μ’
416 3503 457 3551 14.
479 3497 512 3549 Ν
514 3496 588 3568 ΣΤ]
607 3501 643 3549 σῖ
656 3513 684 3564 p.
771 3499 813 3547 15.
834 3492 968 3565 ἔλλειψιν]
989 3495 1098 3568 ἔλειψιν
1115 3516 1141 3566 p.
