2430 3854
123 165 166 230 36
393 166 480 216 ΠΕΡΙ
498 164 712 215 ΚΤΛΙΝΔΡΟΤ
730 163 866 216 ΤΟΜΗΣ.

190 309 337 395 φανερὸν
360 306 407 390 δέ,
431 308 492 390 δτι,
514 305 580 372 κάν
600 309 648 383 είς
669 308 706 372 τὸ
728 305 842 393 ἕτερον
865 305 964 393 μέρος
987 307 1136 395 ἐκβληθῇ

122 412 217 501 μέχρι
245 423 304 479 τοῦ
328 419 383 498 Μ,
411 415 490 499 ὅπερ
515 411 605 478 ἐστὶν
628 412 681 478 ἐπὶ
704 422 761 497 τῆς
784 413 978 498 ἐπιφανείας
999 423 1061 479 τοῦ
1084 439 1140 480 κυ-

123 524 276 607 λίνδρου,
306 522 381 604 δίχα
409 524 499 586 ἐσται
528 519 708 604 τετμημένη
731 521 813 584 κατά
835 522 873 584 τὸ
898 525 934 606 Ζ
981 519 1051 586 ἐπεὶ
1074 523 1138 609 γάρ

123 628 142 712 ἡ
168 633 232 693 ΓΑ
255 627 429 714 διάμετρος
451 628 535 712 πρὸς
556 627 663 712 ὀρθάς
686 625 754 691 ἐστι
777 637 816 713 τῆ
843 631 921 710 ΘΚ,
951 633 1005 711 ἴση
1029 631 1094 716 άρα
1118 631 1138 714 η

88 747 104 796 5
125 740 193 800 ΘΚ
213 745 253 820 τῆ
276 738 356 799 ΚΝ.
401 732 456 798 καὶ
479 734 683 820 παράλληλοι
707 735 744 798 αί
759 737 852 816 MN,
872 737 955 818 ΛΚ,
974 739 1057 800 ΗΘ·
1083 742 1137 820 ίση

124 844 188 927 άρα
211 842 231 925 η
255 845 328 905 ΜΖ
351 850 390 926 τῆ
416 845 487 905 ΖΕ.

316 1049 317 1052 ,
602 963 658 1048 ιβ’·

187 1089 264 1154 Ἐδιν
287 1090 465 1174 κύλινδρος
483 1088 624 1176 ἐπιπέδῳ
644 1096 754 1174 τμηθῆ
773 1088 927 1172 τέμνοντι
945 1088 1007 1174 μὲν
1024 1093 1062 1156 τὸ
1081 1101 1141 1175 τῆς

122 1197 249 1282 βάσεως
277 1195 435 1261 ἐπίπεδον
462 1195 553 1272 ἐκτὸς
580 1205 639 1261 τοῦ
667 1197 806 1279 κύκλου,
832 1196 852 1279 ῆ
876 1195 914 1262 δὲ
935 1200 1031 1280 κοινῆ
1056 1199 1139 1282 τομῆ

71 1316 105 1364 10
123 1315 191 1368 τῶν
219 1301 382 1367 ἐπιπέδων
410 1304 494 1386 πρὸς
523 1302 630 1389 ὀρθὰς
659 1296 681 1388 ᾗ
711 1313 750 1388 τῆ
779 1302 874 1387 βάσει
903 1312 963 1367 τοῦ
992 1304 1049 1367 διὰ
1078 1313 1139 1368 τοῦ

123 1407 240 1486 άξονος
267 1408 610 1492 παραλληλογράμμου
638 1406 721 1493 ῆτῆ
745 1405 795 1472 ἐπ’
821 1409 955 1486 εὐθείας
978 1409 1076 1494 αὐτῆ,
1106 1412 1143 1475 αί

88 1551 91 1557 =
124 1516 282 1598 ἀγόμεναι
310 1513 439 1579 εὐθεῖαι
468 1513 531 1579 άπὸ
557 1523 615 1598 τῆς
637 1523 739 1598 τομῆς
761 1523 818 1598 τῆς
841 1514 878 1580 ἐν
900 1526 940 1601 τῆ
963 1514 1141 1604 ἐπιφανείᾳ

124 1630 184 1686 τοῦ
207 1621 389 1705 κυλίνδρου
412 1618 590 1705 γενομένης
611 1620 677 1686 ὑπὸ
700 1629 760 1685 τοῦ
781 1618 958 1704 τέμνοντος
981 1621 1140 1689 ἐπιπέδου

124 1727 328 1813 παράλληλοι
351 1735 390 1812 τῆ
413 1729 497 1814 πρὸς
520 1726 626 1812 ὀρθάς
648 1737 688 1813 τῆ
711 1727 805 1810 βάσει
828 1737 888 1792 τοῦ
909 1729 966 1793 διά
984 1738 1045 1793 τοῦ
1064 1728 1139 1808 άξο-

73 1847 105 1896 15
124 1859 182 1911 νος
205 1833 549 1921 παραλληλογράμμου
573 1832 593 1916 ῆ
616 1842 655 1918 τῆ
680 1831 730 1897 ἐπ’
751 1833 885 1909 εὐθείας
903 1834 986 1918 αὐτῆ
1006 1834 1059 1900 ἐπὶ
1077 1838 1140 1920 τὴν

124 1943 241 2026 κοινὴν
264 1941 368 2024 τομῆν
386 1949 453 2004 τῶν
472 1937 637 2004 ἐπιπέδων
654 1948 833 2004 πεσοῦνται
856 1937 911 2004 καὶ
933 1946 1138 2027 προσεκβαλ-

125 2051 260 2132 λόμεναι
282 2046 344 2123 ἕως
366 2055 426 2110 τοῦ
450 2043 562 2130 ἑτέρου
583 2045 704 2131 μέρους
722 2055 779 2129 τῆς
797 2055 899 2131 τομῆς
917 2048 993 2130 δίχα
1011 2053 1139 2134 τμηθῆ-

126 2171 241 2220 σονται
259 2153 325 2218 ὐπὸ
343 2162 401 2237 τῆς
419 2162 533 2236 κοινῆς
551 2163 651 2237 τομῆς
669 2164 736 2217 τῶν
755 2151 928 2236 ἐπιπέδων,
942 2152 998 2218 καὶ
1015 2153 1036 2238 ἡ
1055 2157 1140 2241 πρὸς

125 2261 231 2347 ὀρθὰς
254 2271 293 2345 τῆ
314 2259 408 2343 βάσει
427 2267 487 2322 τοῦ
506 2260 562 2323 διὰ
580 2268 640 2323 τοῦ
659 2257 776 2336 άξονος
793 2261 1139 2347 παραλληλογράμμου

73 2380 106 2428 20
125 2367 145 2450 ῆ
170 2378 208 2452 τῆ
232 2365 282 2431 ἐπ’
303 2366 436 2442 εὐθείας
455 2366 537 2451 αὐτῆ
556 2365 664 2450 ὀρθοῦ
683 2361 744 2449 μὲν
762 2366 859 2442 ὄντος
876 2374 935 2430 τοῦ
954 2369 1138 2454 κυλίνδρου

125 2474 208 2559 πρὸς
235 2472 342 2559 ὀρθάς
369 2475 458 2536 ἔσται
485 2470 540 2536 καὶ
567 2481 606 2556 τῆ
634 2482 729 2558 κοινῆ
752 2482 834 2558 τομῆ
858 2480 917 2536 τοῦ
941 2495 975 2537 τε
998 2474 1055 2537 διὰ
1077 2484 1139 2540 τοῦ

127 2578 243 2657 άξονος
262 2577 605 2664 παραλληλογράμμου
624 2576 679 2642 καὶ
697 2587 757 2643 τοῦ
776 2576 952 2662 τέμνοντος
971 2578 1139 2666 ἐπιπέδου,

127 2691 293 2768 σκαληνοῦ
309 2681 345 2748 δὲ
364 2686 460 2760 ὄντος
478 2682 598 2767 οὐκέτι,
616 2687 703 2768 πλην
721 2685 801 2749 ὅταν
819 2687 856 2750 τὸ
875 2686 932 2749 διὰ
946 2695 1005 2750 τοῦ
1021 2685 1139 2764 ἄξονος

128 2791 283 2857 ἐπίπεδον
305 2791 388 2875 πρὸς
410 2789 517 2876 ὀρθάς
538 2784 560 2876 ᾖ
583 2799 622 2875 τῆ
644 2791 739 2875 βάσει
761 2800 821 2856 τοῦ
844 2792 1036 2877 κυλίνδρου.

74 2909 109 2959 25
195 2901 276 2963 ἐστω
300 2896 487 2981 κύλινδρος,
511 2892 551 2961 οὗ
573 2897 686 2981 βάσεις
709 2895 770 2980 μέν
788 2900 823 2963 οί
838 2905 884 2982 Α,
904 2903 932 2962 Β
951 2900 1078 2983 κύκλοι,
1102 2902 1138 2966 τὸ

128 3002 165 3069 δὲ
199 3005 255 3070 διὰ
287 3013 346 3068 τοῦ
379 3001 496 3080 άξονος
526 3007 869 3090 παραλληλόγραμμον
901 3006 937 3069 τὸ
971 3009 1051 3091 ΓΔ,
1084 3005 1139 3083 καί

198 3202 222 3251 5.
244 3198 395 3264 ΜΝ,ΛΚ,
412 3197 486 3268 ΗΘ]
502 3200 577 3264 ΝΜ,
592 3201 655 3264 ΚΛ,
672 3200 732 3252 ΘΗ
744 3215 771 3266 p.
827 3203 851 3250 6.
874 3198 941 3269 ZE]
957 3201 1096 3254 Eecorr.
1111 3218 1136 3270 p.

163 3272 187 3322 8.
211 3268 322 3339 τμηθῇ]
346 3267 389 3320 bis
408 3268 434 3321 V
457 3270 525 3322 extr.
546 3271 575 3321 et
592 3267 653 3322 init.
673 3267 722 3321 lin.
815 3274 855 3323 12.
881 3269 1003 3340 εὐθεῖαι]
1029 3269 1065 3323 ab
1085 3271 1138 3324 hoo

127 3374 265 3428 uocabulo
283 3369 384 3443 incipit
402 3374 449 3428 τοι.
467 3381 517 3429 ιιι
535 3374 566 3428 in
583 3374 616 3443 v,
642 3341 679 3416 ά
694 3374 758 3430 ιιι.
773 3393 808 3429 m.
824 3382 849 3430 ι.
912 3377 953 3428 13.
973 3373 1136 3450 γενομένης]

127 3445 157 3511 V,
185 3442 355 3514 γινομένηςῗ
374 3462 401 3514 c,
428 3443 619 3515 τεμ(ν)ομένης
640 3463 666 3515 p.
759 3451 799 3501 14.
828 3453 878 3501 τοῦ
900 3442 964 3516 διά]
987 3455 1022 3518 τῆ
1041 3446 1091 3502 διά
1113 3465 1135 3502 ο.

124 3537 125 3541 =
146 3518 190 3566 15,
210 3515 285 3568 Post
301 3518 376 3590 αὐτῇ
397 3516 453 3574 del.
473 3517 506 3573 αἱ
524 3516 663 3590 ἀγόμεναι
682 3518 793 3574 εὐθεῖαι
808 3536 839 3586 ρ,
909 3514 1006 3570 ἐπί-
1028 3525 1069 3575 16.
1089 3537 1136 3574 πε·
