2430 3854
125 187 188 251 112
392 191 479 242 ΠΕΡΙ
496 189 710 242 Κωλωωοου
727 190 864 242 ΤοωΗΣ.

123 333 278 399 ἐπίπεδον
305 341 425 398 ποιοῦν
453 332 489 398 ἐν
516 343 562 421 τῷ
585 334 680 421 κώνῳ
704 334 741 397 τὸ
765 333 821 397 διὰ
843 341 903 397 τοῦ
927 330 1044 411 ἄξονος
1066 336 1138 418 τρί-

122 462 233 522 γωνον
254 441 292 504 τὸ
311 443 430 524 ΒΗΘ,
452 437 508 504 καὶ
530 447 569 524 τῇ
594 443 654 504 ΓΖ
677 441 760 526 πρὸς
783 439 890 526 ὀρθὰς
912 440 1006 522 ἤχθω
1030 438 1051 521 ἡ
1071 442 1141 503 ΓΚ

123 545 160 610 ἐν
186 556 231 634 τῷ
259 554 319 610 τοῦ
349 551 376 609 Ζ
402 546 526 611 κύκλου
550 544 692 633 ἐπιπέδῳ
716 541 810 630 οὖσα,
832 543 889 610 καὶ
911 546 968 609 διδι
990 554 1048 627 τῆς
1073 548 1142 609 ΓΚ

122 650 178 717 καὶ
209 649 363 738 ἑκατέρας
393 663 461 716 τῶν
491 655 570 736 ΓΑ,
594 655 658 716 ΓΕ
682 654 777 736 ἤχθω
809 652 946 718 ἐπίπεδα
975 649 1138 736 τέμνοντα

88 759 182 824 οτὸν
208 768 318 823 κῶνον
345 756 401 823 καὶ
423 761 556 823 ποιείτω
580 759 636 823 διὰ
658 768 716 840 τῆς
738 768 840 843 τομῆς
863 758 899 824 ἐν
922 755 982 843 μὲν
1004 767 1044 844 τῇ
1069 757 1139 822 ἐπι-

124 867 244 951 φανείᾳ
271 873 331 928 τοῦ
358 865 468 929 κώνου
492 865 550 940 τὰς
573 868 700 949 ΛΑΜ,
723 865 828 939 NE&
847 864 1011 952 νραμμολς,
1040 864 1077 929 ἐν
1101 861 1138 928 δέ

123 980 168 1058 τῷ
200 979 260 1035 τοῦ
292 974 398 1036 ΒΗΘ
429 972 595 1056 τριγώνου
624 970 765 1059 ἐπιπέδῳ
795 972 854 1047 τδις
884 974 962 1054 ΛΓ,
985 975 1059 1036 NP
1084 972 1137 1036 εὐ-

123 1080 231 1153 θείας·
265 1077 434 1163 διάμετροι
461 1078 526 1162 ίίρα
552 1089 620 1141 τῶν
643 1082 770 1160 ΛΑΜ,
794 1077 899 1150 NE&
918 1088 1029 1162 τομῶν
1052 1079 1137 1142 εἰσιν

124 1186 161 1248 αί
186 1187 275 1265 ΛΜ,
298 1182 369 1255 ΝΞ
389 1183 527 1248 εὐθεῖαι.
574 1186 733 1268 ἤχθωσαν
756 1187 873 1249 τοίνυν
895 1183 948 1250 ἐπὶ
969 1184 1028 1259 τδις
1052 1188 1138 1266 ΛΜ,

72 1302 105 1350 10
123 1295 162 1355 Ν
164 1290 194 1363 Ξ
219 1286 414 1375 διαμέτρους
442 1291 479 1353 αἱ
499 1295 533 1354 Α
540 1295 582 1374 O,
605 1295 679 1356 ΕΠ
697 1289 900 1375 τεταγμένως
922 1288 977 1355 καὶ
999 1306 1138 1375 προσεκ-

123 1397 363 1480 βεβλήσθωσαν
392 1394 445 1462 ἐπὶ
470 1397 615 1482 θάτερον
638 1395 736 1483 μέρος
758 1406 818 1479 τῆς
840 1397 1033 1481 ἐπιφανείας
1055 1397 1139 1459 κατὰ

123 1503 160 1567 τὸ
184 1507 215 1566 Ρ
232 1499 287 1565 καὶ
306 1506 346 1566 Σ.
384 1499 452 1567 ἐπεὶ
474 1499 537 1569 οὖν
559 1502 580 1585 ἡ
605 1507 669 1567 ΓΑ
691 1503 807 1568 εὐθεῖα
824 1512 883 1585 τῆς
901 1507 1021 1567 ΛΑΜ
1034 1525 1139 1587 γραμ-

123 1618 187 1693 μῆς
209 1607 386 1691 ἐφοίπτεται
408 1610 491 1674 κατὰ
511 1610 549 1675 τὸ
566 1615 600 1674 Α
619 1620 763 1694 σημεῖον,
782 1607 837 1674 καὶ
855 1618 1011 1691 κατῆκται
1030 1631 1140 1691 τεταμ-

123 1712 229 1799 μένως
251 1715 272 1799 ἡ
295 1720 378 1799 ΑΟ,
402 1713 446 1793 ώς
468 1718 533 1801 ἄρα
555 1717 576 1800 ἡ
600 1719 669 1780 ΛΓ
685 1718 769 1804 πρὸς
790 1717 852 1799 τὴν
875 1719 960 1798 ΓΜ,
988 1715 1096 1791 οὕτως
1119 1715 1139 1799 ἡ

71 1833 104 1881 15
124 1826 190 1887 AO
212 1823 295 1907 πρὸς
316 1823 377 1905 τὴν
403 1826 488 1887 OM·
514 1819 569 1886 καὶ
593 1822 649 1886 διὰ
671 1824 711 1886 τὰ
734 1822 832 1906 αὐτοί,
855 1819 899 1898 ώς
921 1821 942 1905 ἡ
965 1825 1038 1886 NP
1055 1822 1140 1905 πρὸς

123 1930 184 2012 τὴν
203 1927 273 2012 ΓΞ,
296 1928 402 2004 οὕτως
424 1927 444 2011 ἡ
463 1933 542 1993 ΝΠ
560 1928 643 2013 πρὸς
665 1930 727 2012 τὴν
749 1928 829 2002 ΠΞ·
852 1927 873 2011 ἡ
892 1930 956 2013 ι’λρα
974 1929 1014 1993 τδι
1035 1934 1064 1994 0
1082 1927 1139 1993 καὶ

124 2039 162 2099 Π
181 2046 297 2118 σημεῖα
325 2033 583 2116 ἐπιζευγνύουσα
605 2035 721 2100 εὐθεῖα
745 2032 965 2118 ἐκβαλλομένη
988 2032 1057 2117 ἥξει
1082 2035 1139 2099 διὰ

122 2151 181 2224 τῆς
211 2151 362 2229 κορυφῆς
392 2142 448 2205 διδι
475 2140 513 2205 τὸ
540 2140 605 2227 πρὸ
633 2142 763 2206 τούτου.
813 2142 941 2224 διήχθω
969 2144 1088 2206 τοίνυν
1117 2140 1137 2224 ἡ

125 2252 235 2312 ΟΠΒ.
281 2246 337 2312 καὶ
364 2246 433 2313 ἐπεὶ
460 2245 595 2333 έκατέρα
623 2258 690 2312 τῶν
717 2252 797 2332 ΕΣ,
821 2253 890 2312 ΑΡ
912 2256 951 2332 τῇ
981 2251 1048 2312 ΓΚ
1068 2247 1138 2313 ἐστι

71 2366 104 2414 20
122 2354 345 2441 παράλληλος,
381 2356 418 2420 αί
450 2356 514 2441 ἄρα
544 2360 623 2438 ΑΡ,
651 2359 721 2420 ΕΣ
748 2354 956 2441 παράλληλοί
985 2353 1023 2419 τέ
1052 2357 1137 2420 εἰσιν

124 2460 280 2543 ἀλλήλαις
307 2459 362 2525 καλ
390 2459 426 2525 ἐν
454 2458 507 2525 ἑνί
531 2463 616 2525 είσιν
643 2459 794 2548 ἐπιπέδῳ.
844 2459 881 2524 τὸ
909 2455 972 2525 οὖν
1000 2461 1057 2525 διδι
1079 2471 1138 2543 τῆς

123 2571 227 2631 ΒΠΟ
254 2564 310 2630 καὶ
336 2577 403 2630 τών
429 2571 511 2650 ΕΣ,
534 2573 604 2632 ΑΡ
628 2567 784 2669 ἐπίπεδον
812 2567 1053 2651 ἐκβαλλόμενον
1075 2569 1137 2651 τὴν

123 2672 226 2755 τομὴν
254 2674 383 2754 ποιήσει
410 2677 575 2759 τρίγωνον
602 2674 638 2740 ἐν
666 2684 705 2760 τῇ
728 2682 788 2738 τοῦ
813 2675 923 2738 κώνου
946 2673 1135 2761 ἐπιφανείᾳ·

123 2779 163 2841 τδι
195 2779 259 2864 ίίρα
286 2783 318 2842 Ε
343 2776 398 2843 καὶ
425 2784 459 2842 Α
486 2790 603 2863 σημεῖα
630 2780 667 2845 ἐν
693 2790 733 2867 τῇ
761 2780 936 2866 ἐπιφανείᾳ
965 2781 1046 2844 ὄντα
1075 2789 1133 2844 τοῦ

70 2896 104 2945 25
123 2885 233 2949 κώνου
266 2882 319 2948 ἐπὶ
346 2889 489 2971 πλευρᾶς
516 2884 585 2949 ἐστι
612 2888 778 2971 τριγώνου
804 2895 865 2951 τοῦ
894 2883 1071 2970 τέμνοντος
1097 2885 1132 2949 τὸ

123 2995 230 3056 ΒΗΘ
256 2994 420 3077 τρίγωνον
446 2992 529 3056 κατὰ
553 2994 614 3076 τὴν
637 2997 740 3058 ΒΠΟ
763 2993 908 3058 εὐθεῖαν.
954 2992 1076 3077 ὁμοίως
1098 2988 1132 3057 δὲ

124 3100 292 3163 δείκνυται
320 3096 373 3163 ἐπὶ
399 3109 467 3162 τῶν
489 3097 726 3183 ἐφαπτομένων
747 3112 863 3165 πασῶν
884 3097 940 3164 καὶ
962 3110 1031 3164 τῶν
1053 3099 1132 3164 κατὰ

123 3204 160 3269 τὸ
183 3210 214 3269 Ρ
231 3203 287 3269 καλ
309 3210 345 3270 Σ
367 3203 603 3289 ἐφαπτομένων
625 3205 664 3270 τδ
687 3205 768 3270 αὐτὸ
792 3209 986 3290 συμβαῖνον.
1032 3215 1130 3271 πᾶσαι

186 3472 229 3522 16.
251 3466 302 3542 τοί]
319 3467 353 3524 τί
371 3469 428 3542 Vc,
448 3485 517 3526 corr.
536 3469 646 3540 Halley.
718 3474 761 3525 22.
781 3471 878 3541 ΒΠΟ]
897 3471 983 3541 βρζτο
1003 3486 1026 3524 c.
1090 3473 1126 3522 26.

95 3538 210 3608 BIIO]
229 3557 274 3611 vc,
299 3544 330 3598 et
348 3545 413 3601 ΠΟ
431 3560 447 3599 e
467 3561 539 3602 οοττ.
558 3562 596 3600 m.
616 3541 686 3598 Π.
739 3546 785 3596 λλ.
803 3542 978 3612 1³th
991 3541 1081 3609 liquet
1097 3537 1125 3592 V.
