2430 3854
382 151 431 200 Du
451 150 626 202 SECTIONE
646 150 824 202 OYLINDRI.
1088 147 1105 210 7

95 297 268 376 utramque
304 293 411 357 basim
446 297 575 378 tangat,
613 314 710 376 quam
743 292 872 376 quidem
904 292 1108 376 superficiem

98 397 308 484 cylindricam
333 398 513 464 describere
537 398 767 463 circumactam
791 397 936 462 dicimus.

166 506 195 569 3.
229 505 447 590 cylindrorum
479 527 556 570 uero
590 504 701 590 recti,
733 505 789 588 qui
826 526 918 568 axem
946 506 986 569 ad
1013 506 1108 570 bases

97 611 396 696 perpendicularem
418 612 549 697 habent,
573 610 722 696 obliqui
740 615 858 696 autem,
881 612 937 696 qui
956 634 1048 676 axem
1068 613 1109 676 ad

96 718 191 784 bases
210 719 508 802 perpendicularem
526 740 593 783 non
610 718 740 783 habent.

165 846 279 888 uerum
298 825 396 889 etiam
413 825 493 891 haec
512 824 688 890 secundum
701 823 913 908 Apollonium
927 824 1106 889 definienda

100 936 190 996 sunt:

163 1040 193 1101 4.
223 1037 327 1101 omnis
351 1037 454 1102 lineae
478 1059 605 1122 cumae,
629 1059 710 1121 quae
733 1037 768 1100 in
791 1060 856 1102 uno
879 1038 977 1122 plano
997 1038 1105 1121 posita

94 1148 155 1228 est,
179 1144 391 1208 diametrus
415 1149 551 1209 uocetur
574 1148 663 1209 recta
687 1145 852 1229 quaedam,
876 1167 957 1229 quae
981 1144 1107 1209 alinea

94 1272 195 1315 curua
224 1250 321 1314 ducta
349 1271 460 1314 omnes
488 1254 593 1315 rectas
621 1250 656 1313 in
682 1250 768 1314 linea
794 1250 851 1315 illa
879 1256 986 1316 rectae
1010 1251 1106 1316 alicui

94 1356 267 1440 parallelas
282 1357 395 1420 ductas
410 1356 445 1420 in
459 1356 553 1421 binas
566 1361 676 1440 partes
691 1357 840 1439 aequales
855 1362 952 1441 secat,
971 1363 1106 1422 uertex

94 1467 205 1527 autem
226 1463 329 1527 lineae
353 1462 510 1527 terminus
533 1462 630 1527 huius
654 1468 760 1528 rectae
783 1463 818 1526 in
840 1463 935 1548 linea,
960 1464 1105 1548 singulas

92 1573 205 1634 autem
219 1574 324 1634 rectas
333 1569 505 1654 parallelas
517 1570 557 1633 ad
566 1569 761 1634 diametrum
775 1569 953 1634 ordinate
968 1570 1105 1636 ductas

94 1698 165 1740 esse
190 1675 354 1760 [Apollon.
374 1674 476 1740 conl
499 1675 559 1740 def.
579 1675 624 1760 4].

162 1783 192 1847 ὁ.
221 1781 451 1868 coniugatae
479 1787 588 1846 autem
616 1782 796 1846 diametri
823 1787 994 1866 uocantur,
1023 1806 1104 1866 quae

91 1912 113 1954 a
130 1889 217 1954 linea
235 1889 275 1954 ad
294 1888 483 1975 coniugatas
503 1888 676 1953 diametros
697 1888 842 1954 ordinate
862 1890 976 1955 ductae
991 1890 1105 1954 eodem

90 1996 189 2060 modo
213 2018 266 2060 eas
290 1999 408 2060 secant.
416 1993 441 2082 ¹)

161 2102 189 2166 6.
208 2101 329 2166 talibus
352 2123 430 2166 uero
454 2101 548 2165 lineis
572 2101 670 2165 etiam
688 2101 724 2165 in
743 2101 883 2184 obliquis
904 2102 1100 2167 sectionibus

91 2207 229 2292 cylindri
266 2208 346 2273 ortis
382 2212 539 2291 punctum
571 2207 713 2271 medium
746 2207 895 2272 diametri
929 2213 1103 2273 centrum

92 2313 246 2378 sectionis
265 2318 409 2399 uocetur,
428 2319 516 2379 recta
536 2317 645 2377 autem
660 2336 679 2377 a
693 2318 803 2379 centro
819 2314 859 2378 ad
872 2314 992 2379 lineam
1007 2314 1103 2380 ducta

89 2420 223 2485 radius
248 2420 400 2485 sectionis
425 2419 589 2505 [Apollon.
610 2417 711 2484 conl
734 2420 805 2483 deff.
825 2420 879 2484 alt.
902 2420 944 2505 1].

161 2529 188 2591 7.
211 2532 300 2591 recta
328 2532 436 2591 autem
464 2549 483 2590 a
510 2530 621 2591 centro
646 2525 799 2590 sectionis
822 2531 929 2591 rectae
954 2527 1100 2592 ordinate

90 2633 206 2698 ductae
229 2634 385 2717 parallelo
408 2633 517 2718 ducta,
543 2655 624 2716 quae
649 2655 667 2696 a
690 2632 777 2696 linea
799 2633 1000 2718 terminatur,
1024 2634 1103 2699 dia-

91 2745 235 2804 metrus
265 2740 389 2804 altera
413 2744 547 2804 uocetur
571 2738 736 2822 [Apollon.
757 2739 863 2804 conl
886 2740 957 2804 deff.
977 2740 1030 2804 alt.
1051 2743 1099 2824 3];

90 2845 384 2911 demonstrabimus
414 2844 511 2929 enim,
540 2867 612 2908 eam
636 2867 745 2910 omnes
770 2850 874 2911 rectas
897 2846 932 2909 in
955 2847 1098 2912 sectione

89 2952 248 3018 diametro
257 2951 429 3036 parallelas
438 2951 551 3016 ductas
561 2951 596 3020 in
603 2951 697 3016 binas
707 2957 814 3035 partes
820 2953 969 3036 aequales
981 2975 1097 3019 secare.

164 3122 190 3188 1)
209 3117 286 3172 Haec
305 3116 431 3170 definitio
450 3133 501 3170 nec
521 3133 584 3169 cum
602 3116 731 3185 Apollon.
748 3133 806 3172 con.
823 3118 836 3170 I
855 3117 909 3172 def.
926 3125 941 3172 6
961 3118 1100 3172 consentit

90 3206 144 3244 nec
163 3206 214 3259 per
233 3205 262 3243 se
282 3186 352 3242 satis
370 3187 518 3258 perspicua
530 3190 592 3254 'est;
613 3188 662 3241 sed
681 3188 907 3243 emendationem
924 3189 1101 3258 probabilem

88 3278 148 3315 non
166 3259 274 3330 reperio
293 3276 345 3313 nec
365 3259 511 3312 adfirmare
531 3258 633 3326 ausim,
659 3258 793 3313 Serenum
811 3277 868 3314 non
886 3259 928 3313 ita
947 3259 1099 3329 scripsisse.

88 3431 197 3500 μενον).
289 3434 331 3482 22.
354 3429 372 3498 ἡ
392 3426 423 3482 δὲ
443 3426 507 3499 διά]
532 3425 631 3482 διὰδὲ
653 3446 680 3496 p.
771 3426 1105 3499 23.uavqyps'qu1pc„

88 3497 303 3571 κατηνεγμένην
321 3501 377 3555 Vr.
450 3505 492 3553 24.
514 3496 644 3573 δευτέρα]
663 3499 717 3571 β·α
735 3516 766 3568 p.
