2430 3854
128 155 170 219 26
398 159 485 208 ΠΕΡΙ
503 157 716 209 ΚΤΛΙΝΔΡΟΤ
734 157 871 211 ΤΟΜΗΣ.

129 299 190 364 οὐκ
217 302 281 385 ἄρα
309 298 400 364 ἐστὶν
426 299 446 382 ἡ
475 304 555 365 ΛΜ
577 299 614 364 ἐν
643 309 688 387 τῳ
718 304 855 365 ΖΕΗΘ
882 298 1033 388 ἐπιπέδῳ.
1084 300 1142 365 καὶ

129 405 178 470 ἐπ’
204 406 305 490 αὐτῆς
326 408 363 471 τὸ
387 411 431 471 Κ·
469 404 547 470 οὐδὲ
570 407 606 470 τὸ
626 409 662 469 Κ
676 407 740 492 ίίρα
763 404 853 471 ἐστὶν
877 405 913 471 έν
935 415 980 494 τῳ
1001 411 1106 472 ΖΕΗ
1111 413 1142 472 Θ

128 511 279 600 ἐπιπέδῳ.
317 512 385 578 ἐπεὶ
408 508 445 577 δέ
467 512 487 595 ἡ
512 515 578 576 ΓΔ
601 511 691 577 ἐστιν
714 512 751 577 ἐν
773 522 818 599 τῳ
840 516 945 576 ΖΕΗ
948 516 977 577 Θ
995 512 1139 602 ἐπιπέδῳ

127 617 181 683 καλ
209 617 260 684 ἐπ’
290 618 391 703 αὐτῆς
418 620 454 684 τὸ
478 621 524 701 Κ,
551 619 588 682 τὸ
615 621 651 681 Κ
670 620 734 705 ίίρα
757 618 793 684 ε’ν
816 629 861 707 τῳ
886 623 1025 684 ΖΕΗΘ
1048 619 1140 685 ἐστιν

92 723 277 814 οέπιπέδῳ.
318 723 373 790 καὶ
396 728 486 790 ἔστιν
509 726 574 810 ἄρα
596 723 651 789 καλ
675 724 735 790 οὐκ
759 728 849 790 ἔστιν
872 725 908 790 ἐν
930 735 975 813 τῳ
995 725 1139 815 ἐπιπέδῳ

126 833 163 897 τὸ
191 835 235 896 Κ·
272 833 351 919 ὅπερ
380 830 555 896 ἀδύνατον.
601 831 662 897 οὐκ
689 834 753 918 ίίρα
781 830 833 896 ἐπὶ
860 841 918 916 της
945 833 1140 917 ἐπιφανείας

126 937 217 1004 ἐστὶν
239 939 259 1022 η
284 943 357 1004 ΓΔ.

192 1045 275 1111 ἀλλὰ
298 1047 340 1130 δη
364 1048 445 1110 ἐστω
469 1045 575 1128 ε’κτός,
599 1043 654 1109 καὶ
677 1043 865 1128 ληφθέντος
887 1047 1023 1128 σημείου
1047 1047 1140 1123 τινὸς

126 1149 179 1216 ἐπὶ
201 1161 259 1236 τῆς
276 1155 350 1216 ΕΗ
367 1153 578 1237 περιφερείας
600 1160 659 1215 τοῦ
680 1155 710 1214 Λ
729 1151 912 1234 ἐπεζεύχθω
936 1151 1052 1234 ηΚΛ.
1086 1151 1139 1216 ἐκ-

73 1274 107 1323 10
125 1261 287 1342 βληθεῖσα
314 1258 355 1340 δη
384 1254 437 1340 ἐφ’
463 1254 598 1343 έκύτερα
625 1257 645 1340 ἡ
668 1260 736 1321 ΚΛ
760 1255 937 1343 οὐδετέραν
959 1270 1049 1341 τεμεῖ
1070 1269 1139 1324 τῶν

125 1367 207 1448 ΕΗ,
222 1368 286 1427 ΖΘ
304 1363 459 1428 εὐθειῶν·
483 1365 565 1429 ὥστε
584 1364 644 1428 οὐκ
663 1367 752 1428 ἔσται
768 1362 788 1445 η
803 1366 871 1427 ΚΛ
886 1363 980 1452 ἐντῷ
997 1369 1104 1429 ΖΕΗ
1108 1371 1139 1430 Θ

126 1468 281 1557 ἐπιπέδῳ·
304 1467 358 1534 καὶ
381 1471 422 1533 τὰ
444 1472 543 1535 λοιπὰ
566 1470 659 1553 δῆλα.

608 1698 656 1766 θ’.

187 1822 263 1889 Ἐδιν
285 1825 463 1909 κύλινδρος
486 1823 626 1912 ἐπιπέδῳ
650 1832 760 1910 τμηθῇ
783 1827 863 1908 μήτε
883 1826 972 1912 παρὰ
995 1826 1053 1901 τὰς
1076 1826 1137 1908 βοί-

71 1948 104 1996 15
123 1949 191 2008 σεις
208 1933 288 2016 μήτε
305 1931 511 2006 ὑπεναντίως
528 1931 608 2014 μήτε
626 1931 683 1995 διδι
701 1939 760 1995 τοῦ
779 1928 897 2008 ίίξονος
914 1933 993 2014 μήτε
1009 1939 1137 2019 παραλ-

123 2041 210 2126 λήλῳ
238 2048 284 2126 τῳ
312 2039 368 2103 διὰ
395 2046 454 2102 τοῦ
482 2035 599 2114 ἄξονος
626 2035 783 2124 ἐπιπέδῳ,
810 2036 830 2119 η
853 2039 935 2122 τομὴ
959 2037 1020 2102 οὐκ
1044 2041 1136 2103 ἔσται

122 2146 243 2222 κύκλος
260 2141 344 2209 ὀὐδὲ
366 2143 614 2230 εὐθύγραμμον.

189 2255 271 2316 ἔστω
298 2249 490 2338 κύλινδρος,
522 2246 563 2315 οὗ
590 2250 703 2333 βιίσεις
730 2251 765 2314 οί
790 2256 836 2332 Α,
860 2254 888 2313 Β
916 2248 1046 2334 κύκλοι,
1079 2251 1136 2316 καὶ

122 2357 295 2440 τετμήσθω
319 2355 460 2444 έπιπέδῳ
484 2359 563 2440 μήτε
580 2357 669 2443 παρὰ
687 2358 746 2432 τὰς
763 2357 876 2439 βοίσεις
894 2359 973 2440 μήτε
991 2357 1135 2423 ὑπεναν-

70 2479 104 2528 20
123 2465 201 2539 τίως
222 2464 302 2546 μήτε
325 2464 380 2527 δια
403 2472 463 2527 τοῦ
487 2461 603 2540 ίίξονος
624 2465 704 2546 μήτε
725 2464 941 2549 παραλλήλοις
963 2473 1008 2551 τῳ
1031 2462 1135 2541 ίίξονι.

123 2571 160 2634 τὸ
183 2571 225 2653 δη
248 2567 368 2652 τέμνον
391 2568 546 2634 ἐπίπεδον
568 2571 641 2652 ἤτοι
664 2567 718 2633 καί
741 2571 798 2646 τὰς
816 2569 929 2652 βάσεις
946 2567 1054 2653 τέμνει
1074 2570 1135 2655 ὐμ-

124 2674 266 2762 φοτέρας
292 2674 313 2757 ἢ
336 2676 396 2757 τὴν
420 2672 534 2759 ἑτέραν
555 2673 576 2757 ἢ
599 2674 786 2761 οὐδετέραν.
826 2687 960 2761 πρῶτον
986 2677 1028 2760 δη
1051 2678 1135 2761 μηδ-

124 2780 239 2868 ετέραν
261 2779 401 2865 τεμνέτω
425 2779 480 2845 καὶ
501 2784 634 2846 ποιείτω
657 2783 811 2868 γραμμὴν
838 2781 874 2846 ε’ν
896 2793 936 2868 τῇ
959 2782 1136 2872 ἐπιφανείᾳ

123 2896 183 2952 τοῦ
210 2887 392 2971 κυλίνδρου
420 2888 481 2971 την
509 2890 616 2952 ΓΕΔ.
666 2885 764 2971 λέγω,
796 2889 847 2953 ὅτι
874 2888 894 2970 η
924 2892 1022 2954 ΓΕΔ
1049 2893 1134 2975 τομὴ

69 3007 104 3057 25
124 2995 200 3059 οὐτε
222 2993 342 3070 κύκλος
364 2992 455 3058 ἐστὶν
477 2995 553 3058 οὐτε
575 2993 822 3081 εὐθύγραμμον.

195 3230 219 3277 l
237 3224 302 3293 καί]
321 3222 354 3290 Κ,
373 3224 426 3276 καί
441 3221 515 3277 ἐστιν
534 3239 579 3292 op.
653 3229 677 3277 2.
699 3223 826 3294 ΖΕΗΘ]
847 3226 872 3277 Ε
890 3239 905 3276 ο
924 3239 992 3278 corr.
1011 3242 1038 3292 p.
1107 3230 1132 3279 3.

56 3320 58 3325 ·
123 3293 235 3349 ἐπεί-
255 3266 434 3366 δέπιπέδῳ]
453 3309 506 3348 om.
525 3312 551 3363 p.
643 3300 667 3348 ὁ.
690 3295 739 3366 τῳ]
758 3314 796 3366 τῳ
814 3295 933 3366 αύτῷῳ.
1025 3300 1050 3349 9.
1069 3297 1132 3367 τοῦ]

121 3367 309 3433 τινὸςτοῦμ.
403 3372 442 3419 10
467 3365 538 3436 ΚΛ]
560 3369 620 3419 ΔΚ
635 3381 658 3418 ο.
750 3371 791 3419 14.
815 3348 925 3437 τμηθῇ]
945 3364 1050 3446 Halley
1068 3384 1133 3420 cum

123 3438 235 3504 Uomm.‚
254 3439 371 3504 τμηθεῖς
389 3435 466 3504 ch
547 3440 589 3490 20
608 3434 743 3500 ύξονι-
760 3441 803 3490 21.
824 3434 999 3507 ἐπίπεδον]
990 3454 1021 3490 1n
1039 3455 1093 3492 ras
1112 3456 1132 3507 p

112 3523 170 3572 seq
190 3523 292 3558 rasura
310 3522 424 3576 magna.
