2430 3854
381 182 431 232 DE
450 182 625 233 SECTIONE
644 182 822 234 CYLlNDRI.
1064 179 1105 243 99

476 341 657 459 'xxm

163 536 283 601 Reclac
313 537 353 600 ab
382 537 495 600 codem
521 541 643 620 puncto
672 537 874 621 superficiem
898 536 1106 620 cylindricam

97 644 324 727 contingentes
348 644 388 706 ab
412 647 549 726 utraque
572 647 664 728 parte
684 665 795 707 omnes
813 664 872 727 per
889 642 992 707 latera
1009 643 1104 707 unius

94 748 393 834 parallelogrammi
416 749 618 835 contingimt.

163 856 206 919 sit
230 856 408 941 cylindruS,
435 856 526 921 cuius
550 857 644 920 bases
669 856 735 920 sini
758 855 870 920 circuli
894 860 940 939 A,
969 860 1012 939 Β,
1036 856 1104 920 axis

95 966 204 1026 autem
235 967 324 1026 recta
356 967 437 1045 ΑΒ,
474 967 506 1027 ct
540 967 686 1026 sumaiur
717 962 917 1026 extrinsecus
947 967 1104 1047 punctum

94 1069 226 1152 aliquod
259 1072 300 1151 P,
337 1092 356 1132 a
389 1072 421 1134 Γ
451 1073 560 1133 autem
596 1068 754 1133 ducantur
789 1072 896 1131 reciae
930 1070 1008 1151 ΓΔ,
1042 1071 1105 1132 ΓΕ

94 1175 296 1259 superficiem
331 1174 466 1259 cylindri
494 1175 534 1238 ad
562 1175 696 1238 candem
722 1177 848 1257 partem
877 1172 1101 1259 contingentes

93 1283 128 1344 in
151 1281 280 1364 punctis
303 1286 350 1364 A,
374 1286 411 1345 Ε.
457 1281 543 1366 dico,
569 1285 600 1345 E
621 1285 654 1345 ci
676 1285 710 1343 A
731 1283 853 1364 puncta
877 1283 1045 1344 contactus
1068 1280 1103 1343 in

860 1407 924 1448 una
942 1389 1030 1450 recta
1048 1407 1103 1470 po-

859 1491 922 1555 sita
945 1513 1023 1556 esse.

919 1597 1053 1661 ducatur
1079 1620 1098 1660 a

855 1706 976 1785 puncto
1004 1705 1036 1766 Γ
1060 1704 1101 1767 ad

856 1811 924 1871 ΑΒ
965 1829 1098 1892 perpen-

857 1913 1007 1978 dicularis
1028 1916 1099 1997 PZ,

857 2024 889 2083 ci
933 2041 990 2102 per
1033 2022 1098 2083 ΓΖ

856 2125 989 2208 planum
1005 2125 1098 2189 duea-

856 2236 911 2294 tur
927 2230 1025 2313 plano
1040 2232 1098 2296 cir-

857 2336 921 2401 culi
958 2343 990 2410 A
1028 2359 1099 2421 par-

857 2443 987 2508 allelum
1032 2443 1099 2507 cffi-

857 2549 984 2632 ciatque
1000 2547 1035 2611 in
1049 2571 1099 2633 cy-

88 2657 197 2720 lindro
225 2656 400 2720 sectionem
427 2656 583 2719 circulum
611 2655 731 2720 circum
759 2660 787 2719 Z
811 2656 1021 2740 descriptum,
1049 2656 1098 2719 iia

90 2767 129 2826 ut
156 2761 274 2825 existai
302 2760 478 2844 cylindrus,
510 2759 601 2824 cuius
633 2761 726 2824 bases
759 2759 825 2824 sini
852 2761 963 2826 circuli
991 2766 1035 2845 Β,
1060 2766 1097 2845 Ζ,

88 2868 158 2932 axis
186 2872 295 2931 auicm
322 2871 411 2931 recia
437 2870 514 2949 ΒΖ,
547 2871 579 2930 et
605 2888 663 2950 per
691 2868 752 2930 ΓΖ
780 2889 934 2952 axemque
965 2868 1098 2952 planum

88 2976 226 3039 ducatur
255 2973 291 3037 in
323 2973 467 3057 cylindro
500 2971 642 3036 efficiens
672 2972 1009 3059 parallelogrammum
1040 2997 1098 3058 per

88 3103 181 3146 axem
212 3079 356 3163 positum
388 3083 428 3143 H
432 3082 474 3162 Θ,
512 3078 552 3142 ad
585 3082 651 3144 ΖΓ
679 3082 788 3143 autem
823 3079 1096 3164 perpendicularis

88 3188 225 3251 ducatur
245 3187 311 3249 ΓΚ
330 3185 365 3248 in
387 3185 485 3270 plano
505 3184 617 3248 circuli
638 3188 665 3248 Z
688 3185 804 3268 posita,
825 3207 882 3268 per
902 3187 968 3248 PK
987 3190 1097 3250 aulem

87 3299 120 3358 ei
151 3298 322 3375 utramque
351 3294 430 3375 PA,
455 3294 518 3355 PE
547 3291 644 3375 plana
670 3291 889 3375 producantur
917 3290 1096 3376 cylindrum

88 3400 232 3465 secanti'a
273 3397 479 3482 efficiantque
524 3419 582 3480 per
628 3397 803 3462 sectionem
848 3396 884 3459 in
928 3397 1096 3480 superficie

86 3506 223 3591 cylindri
251 3505 351 3569 lineas
384 3508 509 3590 ΛΑΜ,
533 3509 571 3570 N
574 3503 653 3592 ΕΞ,
691 3502 732 3569 in
759 3503 864 3590 plano
896 3506 1018 3566 aunem
1041 3519 1132 3623 pu*

642 3640 647 3650 .
933 3603 972 3657 u*
1100 3620 1102 3623 ·
