2430 3854
121 141 188 205 210
437 142 525 194 ΠΕΡΙ
542 140 670 192 Κκαου
688 141 824 192 ΤοΜΗΣ.

191 282 259 349 ἐπεὶ
284 284 488 371 παράλληλοι
515 281 575 367 μὲν
598 286 636 348 αλ
656 286 733 366 ΒΓ,
757 288 823 348 ΔΖ
846 281 1009 370 καὶπρὸς
1032 284 1139 372 ὀρθὰς

123 402 162 478 τῇ
191 396 268 475 ΒΖ,
296 391 358 456 οὐκ
385 389 528 456 ἐλάττων
555 386 592 454 θλ
617 389 637 473 ἡ
665 395 818 473 ΔΖτῆς
840 393 918 474 ΓΒ,
940 389 961 473 ἡ
985 392 1050 474 ἄρα
1072 392 1138 456 ὑπὸ

123 501 225 563 ΔΓΒ
248 500 353 580 γωνία
377 497 438 563 οὐκ
461 496 605 562 ἐλάττων
628 494 718 562 ἐστὶν
741 495 859 583 ὀρθῆς·
887 500 1006 581 μείζων
1030 499 1095 584 ἄρα
1117 497 1138 580 ἡ

122 611 193 670 ΛΔ
220 613 279 687 τῆς
305 606 379 669 ΑΓ.
424 601 480 668 καὶ
507 601 576 668 ἐπεὶ
604 604 641 668 τὸ
669 606 775 669 ΑΒΓ
796 602 1009 688 ὀρθογώνιόν
1038 603 1139 688 ἐστιν,

88 711 160 776 εέν
186 711 368 799 ἡμικυκλίῳ
397 711 460 797 ἄρα
488 709 593 794 ἐστίν,
621 705 662 775 οὗ
689 710 865 795 διάμετρος
890 711 910 794 ἡ
937 713 1019 775 ΑΓ·
1047 732 1138 796 περι-

123 814 252 904 γραφὲν
283 819 347 904 ἄρα
374 818 411 882 τὸ
439 816 635 901 ἡμικύκλιον
661 828 752 900 τεμεῖ
777 819 837 901 τὴν
865 821 944 881 ΑΔ.
994 816 1137 901 τεμνέτω

124 925 165 1009 δὴ
189 924 331 989 κατὰτὸ
357 928 400 1008 Ε,
427 922 482 988 καὶ
506 923 689 1007 ἐπεζεύχθω
712 922 732 1005 ἡ
756 928 833 988 ΕΒ·
863 925 1005 1009 ίσηάρα
1028 923 1048 1006 ἡ
1072 924 1137 989 ὑπὸ

124 1036 224 1095 ΑΕΒ
253 1041 293 1116 τῇ
319 1030 384 1096 ὑπὸ
412 1033 521 1097 ΑΓΒ.
571 1029 655 1095 ἀλλά
681 1028 701 1112 ἡ
725 1029 790 1095 ὑπὸ
814 1035 915 1095 ΑΕΒ
938 1033 1057 1113 μειξωυ
1081 1041 1137 1114 τῆς

124 1137 188 1202 ὑπὸ
221 1141 338 1226 ΑΔΒ·
371 1135 426 1202 καὶ
457 1136 477 1220 ἡ
509 1136 575 1202 ὑπὸ
605 1138 705 1201 ΑΓΒ
736 1138 799 1222 ἄρα
828 1139 947 1220 μείζων
979 1135 1049 1202 ἐστὶ
1081 1147 1138 1220 τῆς

63 1258 105 1307 Ὶο
122 1242 188 1308 ὑπὸ
212 1247 324 1308 ΑΔΒ.
908 1279 912 1286 -

598 1401 661 1486 λη’.

196 1517 404 1591 Τῶνάὐτῶν
427 1528 535 1591 ὄντων
558 1526 616 1593 ἐὰν
638 1536 699 1591 τοῦ
722 1518 933 1613 ὀρθογωνίου
956 1525 976 1609 ἡ
996 1529 1080 1613 πρὸς
1099 1538 1137 1612 τῇ

124 1641 255 1718 κορυφῇ
274 1635 379 1714 γωνία
392 1634 436 1717 μὴ
451 1635 569 1717 μείζων
582 1628 604 1720 ᾖ
618 1643 676 1717 τῆς
688 1633 920 1720 περιεχομένης
934 1637 1058 1717 γωνίας
1072 1634 1138 1700 ὑπό

125 1762 159 1804 τε
181 1748 239 1822 τῆς
261 1740 320 1816 τάς
341 1741 492 1826 κορυφὰς
510 1751 577 1805 τῶν
595 1742 768 1827 τριγώνων
787 1740 1063 1824 ἐπιζευγνυούσης
1083 1740 1136 1805 καὶ

73 1862 105 1910 15
124 1855 182 1930 τῆς
204 1846 288 1933 πρὸς
306 1846 465 1931 ἀμβλεῖαν
483 1856 522 1932 τῇ
541 1844 646 1930 βάσει,
669 1846 689 1930 ἡ
708 1849 769 1931 τὴν
788 1847 897 1932 ὀρθὴν
916 1847 1138 1913 ὑποτείνουσα

123 1961 184 2017 τοῦ
203 1952 414 2039 ὀρθογωνίου
433 1955 559 2040 πλευρά
581 1954 664 2039 πρὸς
681 1955 742 2037 τὴν
760 1955 842 2038 πρὸς
861 1953 967 2039 ὀρθάς
984 1963 1024 2039 τῇ
1043 1954 1137 2038 βάσει

125 2059 282 2125 ἐλάττονα
306 2063 407 2143 λόγον
429 2063 493 2144 ἔχει
516 2061 598 2146 ἤπερ
621 2068 681 2124 τοῦ
704 2059 938 2144 ἀμβλυγωνίου
962 2059 1063 2145 ἡτὴν
1082 2060 1139 2144 άμ-

124 2170 239 2250 βλεῖαν
261 2166 481 2231 ὑποτείνουσα
503 2167 587 2249 πρὸς
605 2167 666 2250 τὴν
683 2167 766 2253 πρὸς
789 2165 949 2249 ἀμβλεῖαν
971 2175 1010 2251 τῇ
1034 2167 1137 2250 βάσει.

190 2272 455 2359 καταγεγράφθω
484 2274 524 2336 τά
547 2272 631 2337 αὐτοὶ
653 2276 813 2357 τρίγωνα,
838 2270 894 2336 καὶ
922 2275 1003 2337 ἔστω
1028 2272 1048 2354 ἡ
1071 2273 1137 2337 ὑπὸ

71 2395 106 2446 20
124 2383 222 2445 ΑΓΒ
252 2380 297 2464 μὴ
326 2382 444 2463 μείζων
474 2387 532 2463 τῆς
560 2379 626 2444 ὑπὸ
658 2381 767 2444 ΓΔΒ.
819 2377 917 2463 λέγω,
945 2379 995 2443 ὅτι
1023 2379 1044 2462 ἡ
1072 2382 1144 2443 ΑΓ

124 2487 207 2572 πρὸς
230 2489 292 2552 ΓΒ
320 2484 478 2553 ἐλάττονα
503 2488 604 2569 λόγον
627 2488 691 2569 ἔχει
713 2486 796 2572 ἤπερ
819 2484 839 2567 ἡ
863 2490 933 2548 ΑΔ
954 2485 1038 2569 πρὸς
1061 2490 1137 2549 ΔΒ.

192 2589 261 2656 ἐπεὶ
283 2594 401 2674 μείζων
425 2590 515 2657 ἐστὶν
537 2592 557 2676 ἡ
581 2589 641 2676 μὲν
660 2592 724 2656 ὑπὸ
743 2595 842 2657 ΑΓΒ
862 2599 920 2674 τῆς
937 2591 1002 2656 ὑπὸ
1022 2597 1138 2675 ΑΔΒ,

125 2697 170 2773 ὡς
188 2697 334 2781 ἐδείχθη,
353 2696 373 2779 ἡ
393 2693 430 2762 δὲ
447 2698 513 2763 ὑπὸ
532 2701 632 2763 ΓΑΒ
651 2708 709 2782 τῆς
727 2698 792 2763 ὑπὸ
810 2702 928 2780 ΔΑΒ,
947 2697 1137 2763 συνεστάτω

124 2811 164 2889 τῇ
186 2798 247 2885 μὲν
268 2801 334 2867 ὑπὸ
353 2807 453 2869 ΑΓΒ
477 2810 531 2887 ίση
554 2804 575 2888 ἡ
598 2804 663 2870 ὑπὸ
682 2807 807 2888 ΑΔΗ,
830 2812 870 2889 τῇ
894 2800 930 2868 δὲ
952 2804 1018 2868 ὑπὸ
1039 2807 1137 2868 ΓΑΒ

67 2908 144 2994 2ῠὴ
176 2907 241 2972 ὑπὸ
272 2913 400 2974 ΔΑΗ·
434 2911 592 2992 ἰσογώνια
621 2911 686 2996 άρα
717 2908 785 2974 ἐστὶ
814 2911 854 2974 τά
884 2914 998 2993 ΑΓΒ,
1027 2915 1143 2976 ΑΔΗ

198 3146 221 3195 1.
245 3136 314 3212 μέν]
333 3135 384 3208 μέν
404 3137 474 3194 εἰσιν
492 3157 519 3208 p.
610 3139 680 3210 ΔΖ]
706 3142 758 3193 ΖΔ
775 3157 803 3207 p.
894 3144 918 3192 3.
942 3139 1040 3209 ΔΓΒ]
1059 3143 1139 3193 ΑΓΔ

125 3211 236 3281 ΗεΙΙεγ.
323 3215 346 3265 7.
366 3208 418 3282 δή]
438 3226 492 3265 om.
511 3228 538 3279 p.
625 3215 650 3264 8.
672 3206 783 3281 μείζων]
802 3210 901 3277 μείζων
921 3206 976 3262 ἐστί
994 3227 1021 3277 p.
1096 3215 1137 3263 13.

125 3283 179 3355 μή]
197 3301 229 3352 p,
256 3299 309 3338 om.
328 3280 413 3352 Vve,
443 3297 596 3352 suprascr.
615 3298 652 3334 m.
672 3287 688 3334 2
707 3280 741 3335 V.
833 3287 874 3334 14.
895 3279 1138 3351 ἐπιζευγννοίσης]

126 3353 359 3424 ἐπιζευγνυοίσας
377 3369 400 3420 ο,
421 3353 470 3408 sed
489 3369 558 3407 corr.
572 3369 608 3406 m.
626 3360 648 3406 1.
705 3356 746 3406 15.
766 3351 903 3422 ἀμβλεῖαν
935 3368 985 3420 cp,
1005 3350 1139 3422 ἀμβλείας

124 3426 181 3480 Vv.
254 3431 297 3480 20.
321 3425 417 3496 ΑΓΒ]
441 3441 515 3494 vop,
544 3440 614 3478 corr.
633 3439 668 3477 ex
690 3425 768 3477 ΑΓΔ
790 3429 861 3477 m.1
909 3465 915 3476 .
994 3424 1138 3548 mqp'

90 3500 205 3624 {BA
224 3495 302 3568 Vre,
325 3513 396 3554 corr.
411 3495 531 3554 MV.
582 3499 627 3556 21.
649 3495 713 3568 1¹13]
727 3493 759 3548 τὸ
777 3497 825 3548 ΓΒ
841 3511 872 3562 ρ.
919 3491 1139 3568 ‘amnem
