2430 3854
298 792 362 865 DE
392 791 624 865 SEOTIONE
653 789 891 864 OYLINDRI.

158 965 239 1032 Oum
262 967 419 1051 uiderem,
446 965 529 1051 Cyre
553 965 668 1049 amice,
691 965 810 1030 multos
835 988 960 1050 eorum,
984 966 1039 1050 qui
1061 967 1097 1030 in

91 1073 272 1161 geometria
293 1075 508 1154 uersarentur,
533 1071 709 1136 sectionem
726 1076 946 1136 transuersam
964 1072 1100 1156 cylindri

90 1205 111 1246 a
141 1179 282 1244 sectione
306 1178 393 1264 coni,
420 1200 501 1262 quae
525 1177 647 1263 ellipsis
671 1182 819 1262 uocatur,
845 1178 1006 1243 diuersam
1030 1201 1099 1244 esse

88 1292 220 1371 putare,
252 1283 362 1350 censui
389 1305 456 1349 non
483 1288 632 1368 oportere
661 1306 715 1349 eos
743 1284 779 1349 in
805 1286 867 1350 hoo
895 1307 1002 1350 errore
1030 1309 1099 1351 esse

90 1393 196 1458 sinere
215 1398 248 1457 et
265 1391 355 1476 ipsos
375 1396 408 1455 et
424 1390 541 1474 quibus
555 1390 803 1476 persuasissent,
820 1397 857 1456 ut
871 1392 918 1456 ita
933 1393 1099 1456 sentirent.

92 1520 290 1584 quamquam
300 1496 402 1561 cuiuis
413 1496 588 1561 absurdum
597 1497 701 1561 uideri
710 1519 841 1562 necesse
849 1502 907 1582 est,
917 1503 1098 1582 geometras

89 1606 129 1669 de
140 1603 337 1690 geometrico
347 1603 547 1687 problemate
558 1602 733 1686 quidquam
744 1602 812 1668 sine
822 1604 1098 1669 demonstratione

88 1707 1100 1795 pronuntiaresimiliaqueuericonseotari,idquodageometria

91 1816 231 1882 manime
255 1815 435 1880 abhorreat.
482 1815 538 1879 sed
562 1814 717 1900 quidquid
738 1815 773 1879 id
796 1820 855 1900 est,
878 1817 1031 1900 quoniam
1049 1815 1099 1879 illi

89 1924 138 1987 ita
159 1921 313 2006 sentiunt,
334 1943 395 1986 nos
412 1942 490 1985 uero
509 1943 575 1985 non
594 1920 802 2007 adsentimur,
824 1944 884 2007 age
904 1922 1099 2008 geometrice

91 2031 351 2094 demonstremus
382 2049 513 2093 necesse
545 2048 615 2090 esse
643 2027 819 2092 sectionem
852 2049 968 2113 genere
1000 2050 1098 2092 unam

91 2135 290 2218 eandemque
310 2155 379 2198 esse
397 2133 432 2197 in
450 2136 588 2216 utraque
606 2132 721 2217 figura,
744 2154 825 2197 cono
845 2133 916 2198 dico
937 2133 1098 2218 cylindro-

93 2264 167 2328 que,
185 2241 240 2305 sed
259 2244 348 2304 certo
367 2240 507 2325 quodam
526 2239 631 2317 mode,
648 2260 714 2312 non
734 2241 974 2323 quoquomodo
991 2238 1098 2305 sectis.

157 2347 242 2412 sicut
288 2351 396 2410 autem
441 2350 590 2410 ueterum
636 2345 691 2428 qui
737 2346 849 2410 conica
889 2347 1097 2434 scripserunt,

89 2453 256 2519 communi
314 2451 446 2516 notione
502 2451 576 2516 coni
626 2473 693 2516 non
742 2456 922 2539 steterunt,
981 2476 1097 2519 conum

89 2559 169 2625 oriri
214 2559 378 2644 triangoio
424 2559 612 2644 rectangulo
659 2557 855 2623 circumacto
902 2559 1007 2645 [Ituci.
1048 2560 1096 2624 XI

89 2665 152 2730 def.
177 2665 242 2750 18],
260 2665 316 2730 sed
335 2665 554 2730 definitionem
574 2664 763 2748 ampliorem
782 2669 815 2730 et
833 2665 1098 2732 uniuersaliorem

89 2771 359 2856 excogitauerunt
395 2793 493 2836 conos
529 2792 595 2834 non
627 2775 733 2836 rectos
766 2773 875 2855 mode,
913 2774 969 2838 sed
1001 2774 1099 2837 etiam

89 2879 241 2962 obliquos
270 2881 488 2962 supponentes
516 2876 681 2961 [Apollon.
706 2899 774 2942 con.
798 2879 812 2942 Ι
836 2903 865 2963 p.
887 2879 935 2964 6],
964 2880 1012 2943 ita
1038 2901 1098 2943 nos

88 3006 227 3070 quoque,
241 2984 395 3069 quoniam
407 2982 615 3068 propositum
629 2989 738 3069 estut
751 2984 790 3048 de
805 2983 941 3069 cytindri
957 2985 1099 3050 sectione

90 3113 292 3176 quaeramus,
310 3112 376 3155 non
394 3095 519 3156 rectum
540 3090 644 3154 solum
659 3091 831 3174 seligentes
845 3091 881 3156 in
895 3114 932 3156 eo
948 3113 1098 3175 quaerere

88 3353 189 3425 ὁμοίως
203 3357 284 3422 ch3
304 3360 322 3422 †
341 3357 370 3409 et
388 3354 418 3407 in
431 3373 485 3425 mg.
501 3320 560 3423 dist
578 3358 647 3423 puto
663 3353 735 3424 ὅμως
748 3375 784 3411 m.
799 3355 901 3411 rect.
953 3360 1005 3407 rs.
1016 3356 1108 3420 ωη-

88 3459 206 3533 γωνίου]
223 3480 252 3530 p,
273 3461 424 3536 ὀρθογώνῳ
445 3461 475 3534 V,
496 3441 632 3536 dodoydd
652 3482 676 3520 c.
968 3546 985 3574 ἡ

946 3553 969 3599 Χ

1204 3464 1214 3531 t
