<?xml version="1.0" encoding="UTF-8"?>
<!DOCTYPE html PUBLIC "-//W3C//DTD XHTML 1.0 Transitional//EN"
    "http://www.w3.org/TR/xhtml1/DTD/xhtml1-transitional.dtd">
<html xmlns="http://www.w3.org/1999/xhtml" xml:lang="en" lang="en">
 <head>
  <title>
</title>
<meta http-equiv="Content-Type" content="text/html;charset=utf-8" />
  <meta name='ocr-system' content='tesseract 3.04.00' />
  <meta name='ocr-capabilities' content='ocr_page ocr_carea ocr_par ocr_line ocrx_word'/>
</head>
<body>
  <div class='ocr_page' id='page_1' title='image "./sereniantinoens01heibgoog_0131.png"; bbox 0 0 2430 3854; ppageno 0'>
   <div class='ocr_carea' id='block_1_1' title="bbox 125 152 864 217">
    <p class='ocr_par' dir='ltr' id='par_1_1' title="bbox 125 152 864 217">
     <span class='ocr_line' id='line_1_1' title="bbox 125 152 864 217; baseline -0.018 -1"><span class='ocrx_word' id='word_1_1' title='bbox 125 152 187 217; x_wconf 84' lang='lat'><em>106</em></span> <span class='ocrx_word' id='word_1_2' title='bbox 392 152 864 203; x_wconf 75' lang='grc' dir='ltr'><em>ΠωΡΙΚυΛιαΔΡουΤοΜΗΣ.</em></span> 
     </span>
    </p>
   </div>
   <div class='ocr_carea' id='block_1_2' title="bbox 72 293 1142 3077">
    <p class='ocr_par' dir='ltr' id='par_1_2' title="bbox 122 293 1141 384">
     <span class='ocr_line' id='line_1_2' title="bbox 122 293 1141 384; baseline -0.003 -22"><span class='ocrx_word' id='word_1_3' title='bbox 122 307 180 381; x_wconf 75' lang='grc' dir='ltr'><em>τῆς</em></span> <span class='ocrx_word' id='word_1_4' title='bbox 211 305 361 384; x_wconf 80' lang='grc' dir='ltr'><em>κορυφῆς</em></span> <span class='ocrx_word' id='word_1_5' title='bbox 393 293 445 360; x_wconf 74' lang='grc' dir='ltr'><em>ἐπὶ</em></span> <span class='ocrx_word' id='word_1_6' title='bbox 472 297 532 379; x_wconf 82' lang='grc' dir='ltr'><em>τὴν</em></span> <span class='ocrx_word' id='word_1_7' title='bbox 559 293 659 378; x_wconf 82' lang='grc' dir='ltr'><em>βώσιν</em></span> <span class='ocrx_word' id='word_1_8' title='bbox 688 294 828 371; x_wconf 76' lang='grc' dir='ltr'><strong><em>εὐθείας.</em></strong></span> <span class='ocrx_word' id='word_1_9' title='bbox 878 293 940 360; x_wconf 72' lang='grc' dir='ltr'><em>κᾶν</em></span> <span class='ocrx_word' id='word_1_10' title='bbox 968 304 1069 360; x_wconf 81' lang='grc' dir='ltr'><em>πᾶσαι</em></span> <span class='ocrx_word' id='word_1_11' title='bbox 1102 297 1141 360; x_wconf 63' lang='grc' dir='ltr'><em>αι’</em></span> 
     </span>
    </p>

    <p class='ocr_par' dir='ltr' id='par_1_3' title="bbox 97 400 1138 702">
     <span class='ocr_line' id='line_1_3' title="bbox 97 400 1138 487; baseline -0.002 -20"><span class='ocrx_word' id='word_1_12' title='bbox 97 401 98 406; x_wconf 63' lang='grc'>’</span> <span class='ocrx_word' id='word_1_13' title='bbox 124 404 229 480; x_wconf 81' lang='grc' dir='ltr'><em>οὕτως</em></span> <span class='ocrx_word' id='word_1_14' title='bbox 251 400 390 487; x_wconf 75' lang='grc' dir='ltr'><em>ἠγμέναι</em></span> <span class='ocrx_word' id='word_1_15' title='bbox 413 401 477 467; x_wconf 81' lang='grc' dir='ltr'><em>ἀπὸ</em></span> <span class='ocrx_word' id='word_1_16' title='bbox 501 411 560 466; x_wconf 85' lang='grc' dir='ltr'><em>τοῦ</em></span> <span class='ocrx_word' id='word_1_17' title='bbox 584 401 687 466; x_wconf 87' lang='grc' dir='ltr'><em>αὐτοῦ</em></span> <span class='ocrx_word' id='word_1_18' title='bbox 711 404 847 485; x_wconf 84' lang='grc' dir='ltr'><em>σημείου</em></span> <span class='ocrx_word' id='word_1_19' title='bbox 871 400 1037 484; x_wconf 79' lang='grc' dir='ltr'><em>ἀνάλογον</em></span> <span class='ocrx_word' id='word_1_20' title='bbox 1059 425 1138 486; x_wconf 82' lang='grc' dir='ltr'><em>τμή-</em></span> 
     </span>
     <span class='ocr_line' id='line_1_4' title="bbox 123 506 1137 596; baseline -0.003 -21"><span class='ocrx_word' id='word_1_21' title='bbox 123 517 242 592; x_wconf 84' lang='grc' dir='ltr'><em>θώσιν,</em></span> <span class='ocrx_word' id='word_1_22' title='bbox 265 510 285 594; x_wconf 83' lang='grc' dir='ltr'><em>ἡ</em></span> <span class='ocrx_word' id='word_1_23' title='bbox 309 508 473 594; x_wconf 82' lang='grc' dir='ltr'><strong><em>τέμνουσα</em></strong></span> <span class='ocrx_word' id='word_1_24' title='bbox 495 508 597 585; x_wconf 81' lang='grc' dir='ltr'><em>αὐτὰς</em></span> <span class='ocrx_word' id='word_1_25' title='bbox 619 507 734 572; x_wconf 81' lang='grc' dir='ltr'><em>εὐθεῖα</em></span> <span class='ocrx_word' id='word_1_26' title='bbox 755 506 791 572; x_wconf 87' lang='grc' dir='ltr'><em>έν</em></span> <span class='ocrx_word' id='word_1_27' title='bbox 813 517 858 596; x_wconf 76' lang='grc' dir='ltr'><em>τῷ</em></span> <span class='ocrx_word' id='word_1_28' title='bbox 881 510 1033 596; x_wconf 75' lang='grc' dir='ltr'><em>τριγώνῳ</em></span> <span class='ocrx_word' id='word_1_29' title='bbox 1058 508 1137 591; x_wconf 85' lang='grc' dir='ltr'><em>ἆγο-</em></span> 
     </span>
     <span class='ocr_line' id='line_1_5' title="bbox 123 613 1006 702; baseline -0.001 -22"><span class='ocrx_word' id='word_1_30' title='bbox 123 614 204 700; x_wconf 84' lang='grc' dir='ltr'><em>μένή</em></span> <span class='ocrx_word' id='word_1_31' title='bbox 228 616 284 681; x_wconf 75' lang='grc' dir='ltr'><em>διὰ</em></span> <span class='ocrx_word' id='word_1_32' title='bbox 306 625 364 699; x_wconf 77' lang='grc' dir='ltr'><em>τῆς</em></span> <span class='ocrx_word' id='word_1_33' title='bbox 386 623 537 702; x_wconf 77' lang='grc' dir='ltr'><em>κορυφῆς</em></span> <span class='ocrx_word' id='word_1_34' title='bbox 559 622 619 679; x_wconf 87' lang='grc' dir='ltr'><em>τοῦ</em></span> <span class='ocrx_word' id='word_1_35' title='bbox 642 615 807 700; x_wconf 77' lang='grc' dir='ltr'><em>τριγώνου</em></span> <span class='ocrx_word' id='word_1_36' title='bbox 831 613 1006 679; x_wconf 77' lang='grc' dir='ltr'><em>ἐλεύσεται.</em></span> 
     </span>
    </p>

    <p class='ocr_par' dir='ltr' id='par_1_4' title="bbox 89 739 1138 1251">
     <span class='ocr_line' id='line_1_6' title="bbox 89 739 1137 826; baseline 0 -23"><span class='ocrx_word' id='word_1_37' title='bbox 89 755 104 803; x_wconf 87' lang='lat'>5</span> <span class='ocrx_word' id='word_1_38' title='bbox 190 740 354 825; x_wconf 81' lang='grc' dir='ltr'><em>τριγώνου</em></span> <span class='ocrx_word' id='word_1_39' title='bbox 383 740 446 826; x_wconf 82' lang='grc' dir='ltr'><em>γὰρ</em></span> <span class='ocrx_word' id='word_1_40' title='bbox 473 748 533 804; x_wconf 85' lang='grc' dir='ltr'><em>τοῦ</em></span> <span class='ocrx_word' id='word_1_41' title='bbox 561 742 667 803; x_wconf 87' lang='grc' dir='ltr'><em>ΑΒΓ</em></span> <span class='ocrx_word' id='word_1_42' title='bbox 694 741 845 822; x_wconf 79' lang='grc' dir='ltr'><em>εἰλήφθω</em></span> <span class='ocrx_word' id='word_1_43' title='bbox 869 762 901 803; x_wconf 92' lang='grc' dir='ltr'><em>τι</em></span> <span class='ocrx_word' id='word_1_44' title='bbox 924 751 1061 822; x_wconf 74' lang='grc' dir='ltr'><em>σημεῖον</em></span> <span class='ocrx_word' id='word_1_45' title='bbox 1085 739 1137 805; x_wconf 87' lang='grc' dir='ltr'><em>έκ-</em></span> 
     </span>
     <span class='ocr_line' id='line_1_7' title="bbox 123 844 1134 931; baseline 0 -20"><span class='ocrx_word' id='word_1_46' title='bbox 123 848 180 923; x_wconf 81' lang='grc' dir='ltr'><em>τὸς</em></span> <span class='ocrx_word' id='word_1_47' title='bbox 201 847 238 912; x_wconf 91' lang='grc' dir='ltr'><em>τὸ</em></span> <span class='ocrx_word' id='word_1_48' title='bbox 257 852 300 931; x_wconf 87' lang='grc' dir='ltr'><em>Δ,</em></span> <span class='ocrx_word' id='word_1_49' title='bbox 322 845 378 911; x_wconf 84' lang='grc' dir='ltr'><em>καὶ</em></span> <span class='ocrx_word' id='word_1_50' title='bbox 402 846 465 911; x_wconf 83' lang='grc' dir='ltr'><em>ἀπὸ</em></span> <span class='ocrx_word' id='word_1_51' title='bbox 488 855 548 910; x_wconf 85' lang='grc' dir='ltr'><em>τοῦ</em></span> <span class='ocrx_word' id='word_1_52' title='bbox 568 851 601 910; x_wconf 99' lang='lat' dir='ltr'><em>A</em></span> <span class='ocrx_word' id='word_1_53' title='bbox 622 847 751 929; x_wconf 76' lang='grc' dir='ltr'><em>διήχθω</em></span> <span class='ocrx_word' id='word_1_54' title='bbox 776 845 891 910; x_wconf 78' lang='grc' dir='ltr'><em>εὐθεῖα</em></span> <span class='ocrx_word' id='word_1_55' title='bbox 913 844 1079 930; x_wconf 78' lang='grc' dir='ltr'><em>τέμνουσα</em></span> <span class='ocrx_word' id='word_1_56' title='bbox 1097 848 1134 911; x_wconf 90' lang='grc' dir='ltr'><em>τὸ</em></span> 
     </span>
     <span class='ocr_line' id='line_1_8' title="bbox 123 948 1137 1038; baseline -0.002 -20"><span class='ocrx_word' id='word_1_57' title='bbox 123 957 287 1038; x_wconf 90' lang='grc' dir='ltr'><em>τρίγωνον</em></span> <span class='ocrx_word' id='word_1_58' title='bbox 319 953 339 1036; x_wconf 84' lang='grc' dir='ltr'><em>ή</em></span> <span class='ocrx_word' id='word_1_59' title='bbox 369 957 485 1036; x_wconf 88' lang='grc' dir='ltr'><em>ΔΕΖ,</em></span> <span class='ocrx_word' id='word_1_60' title='bbox 517 951 581 1017; x_wconf 85' lang='grc' dir='ltr'><em>ιἰαὸ</em></span> <span class='ocrx_word' id='word_1_61' title='bbox 609 948 646 1016; x_wconf 70' lang='grc' dir='ltr'><em>δέ</em></span> <span class='ocrx_word' id='word_1_62' title='bbox 672 960 730 1035; x_wconf 76' lang='grc' dir='ltr'><em>τῆς</em></span> <span class='ocrx_word' id='word_1_63' title='bbox 757 958 789 1016; x_wconf 95' lang='lat' dir='ltr'><em>A</em></span> <span class='ocrx_word' id='word_1_64' title='bbox 818 960 967 1037; x_wconf 75' lang='grc' dir='ltr'><em>κορυφῆς</em></span> <span class='ocrx_word' id='word_1_65' title='bbox 995 950 1048 1017; x_wconf 80' lang='grc' dir='ltr'><em>ἐπὶ</em></span> <span class='ocrx_word' id='word_1_66' title='bbox 1076 954 1137 1036; x_wconf 83' lang='grc' dir='ltr'><em>τὴν</em></span> 
     </span>
     <span class='ocr_line' id='line_1_9' title="bbox 123 1053 1136 1144; baseline -0.001 -21"><span class='ocrx_word' id='word_1_67' title='bbox 123 1057 222 1143; x_wconf 76' lang='grc' dir='ltr'><em>βάσιν</em></span> <span class='ocrx_word' id='word_1_68' title='bbox 246 1059 381 1144; x_wconf 82' lang='grc' dir='ltr'><em>ιἰχθήτω</em></span> <span class='ocrx_word' id='word_1_69' title='bbox 404 1058 425 1142; x_wconf 75' lang='grc' dir='ltr'><em>ἡ</em></span> <span class='ocrx_word' id='word_1_70' title='bbox 444 1062 521 1123; x_wconf 87' lang='grc' dir='ltr'><em>ΑΗ</em></span> <span class='ocrx_word' id='word_1_71' title='bbox 523 1063 552 1122; x_wconf 84' lang='grc' dir='ltr'>Θ</span> <span class='ocrx_word' id='word_1_72' title='bbox 574 1056 739 1142; x_wconf 84' lang='grc' dir='ltr'><em>τέμνουσα</em></span> <span class='ocrx_word' id='word_1_73' title='bbox 761 1060 823 1142; x_wconf 84' lang='grc' dir='ltr'><em>τήν</em></span> <span class='ocrx_word' id='word_1_74' title='bbox 843 1062 917 1141; x_wconf 86' lang='grc' dir='ltr'><em>ΖΔ,</em></span> <span class='ocrx_word' id='word_1_75' title='bbox 937 1059 1020 1123; x_wconf 81' lang='grc' dir='ltr'><em>ὥστε</em></span> <span class='ocrx_word' id='word_1_76' title='bbox 1039 1053 1136 1141; x_wconf 85' lang='grc' dir='ltr'><em>εἶναι,</em></span> 
     </span>
     <span class='ocr_line' id='line_1_10' title="bbox 124 1164 1138 1251; baseline -0.001 -21"><span class='ocrx_word' id='word_1_77' title='bbox 124 1166 168 1243; x_wconf 82' lang='grc' dir='ltr'><em>ὡς</em></span> <span class='ocrx_word' id='word_1_78' title='bbox 196 1168 258 1250; x_wconf 83' lang='grc' dir='ltr'><em>τήν</em></span> <span class='ocrx_word' id='word_1_79' title='bbox 282 1170 348 1230; x_wconf 92' lang='lat' dir='ltr'><em>ZA</em></span> <span class='ocrx_word' id='word_1_80' title='bbox 369 1167 453 1251; x_wconf 82' lang='grc' dir='ltr'><em>πρὸς</em></span> <span class='ocrx_word' id='word_1_81' title='bbox 478 1167 540 1249; x_wconf 82' lang='grc' dir='ltr'><em>τὴν</em></span> <span class='ocrx_word' id='word_1_82' title='bbox 563 1170 645 1248; x_wconf 86' lang='grc' dir='ltr'><em>ΛΕ,</em></span> <span class='ocrx_word' id='word_1_83' title='bbox 668 1164 773 1240; x_wconf 79' lang='grc' dir='ltr'><em>οὕτως</em></span> <span class='ocrx_word' id='word_1_84' title='bbox 795 1165 856 1248; x_wconf 80' lang='grc' dir='ltr'><em>τήν</em></span> <span class='ocrx_word' id='word_1_85' title='bbox 880 1168 952 1228; x_wconf 90' lang='grc' dir='ltr'><em>ΖΗ</em></span> <span class='ocrx_word' id='word_1_86' title='bbox 969 1165 1053 1248; x_wconf 80' lang='grc' dir='ltr'><em>πρὸς</em></span> <span class='ocrx_word' id='word_1_87' title='bbox 1077 1166 1138 1249; x_wconf 80' lang='grc' dir='ltr'><em>τήν</em></span> 
     </span>
    </p>

    <p class='ocr_par' dir='ltr' id='par_1_5' title="bbox 72 1268 1138 1465">
     <span class='ocr_line' id='line_1_11' title="bbox 72 1268 1137 1358; baseline 0 -23"><span class='ocrx_word' id='word_1_88' title='bbox 72 1288 106 1335; x_wconf 84' lang='grc'><em>10</em></span> <span class='ocrx_word' id='word_1_89' title='bbox 124 1276 203 1355; x_wconf 83' lang='grc' dir='ltr'><em>ΗΕ,</em></span> <span class='ocrx_word' id='word_1_90' title='bbox 226 1270 281 1336; x_wconf 79' lang='grc' dir='ltr'><em>καὶ</em></span> <span class='ocrx_word' id='word_1_91' title='bbox 305 1273 433 1356; x_wconf 77' lang='grc' dir='ltr'><em>διήχθω</em></span> <span class='ocrx_word' id='word_1_92' title='bbox 453 1295 503 1349; x_wconf 85' lang='grc' dir='ltr'><em>τις</em></span> <span class='ocrx_word' id='word_1_93' title='bbox 521 1270 614 1358; x_wconf 84' lang='grc' dir='ltr'><em>ἑτέρα</em></span> <span class='ocrx_word' id='word_1_94' title='bbox 633 1271 748 1335; x_wconf 81' lang='grc' dir='ltr'><em>εὐθεῖα</em></span> <span class='ocrx_word' id='word_1_95' title='bbox 766 1269 786 1353; x_wconf 84' lang='grc' dir='ltr'><em>ἡ</em></span> <span class='ocrx_word' id='word_1_96' title='bbox 805 1273 920 1334; x_wconf 87' lang='grc' dir='ltr'><em>ΔΚΛ.</em></span> <span class='ocrx_word' id='word_1_97' title='bbox 956 1268 1051 1354; x_wconf 91' lang='grc' dir='ltr'><em>λέγω,</em></span> <span class='ocrx_word' id='word_1_98' title='bbox 1076 1272 1137 1354; x_wconf 85' lang='grc' dir='ltr'><em>ὅτι,</em></span> 
     </span>
     <span class='ocr_line' id='line_1_12' title="bbox 125 1376 1138 1465; baseline 0 -23"><span class='ocrx_word' id='word_1_99' title='bbox 125 1379 169 1454; x_wconf 81' lang='grc' dir='ltr'><em>ὡς</em></span> <span class='ocrx_word' id='word_1_100' title='bbox 191 1377 211 1461; x_wconf 82' lang='grc' dir='ltr'><em>ἡ</em></span> <span class='ocrx_word' id='word_1_101' title='bbox 231 1383 308 1442; x_wconf 96' lang='lat' dir='ltr'><em>MA</em></span> <span class='ocrx_word' id='word_1_102' title='bbox 325 1380 408 1465; x_wconf 85' lang='grc' dir='ltr'><em>πρὸς</em></span> <span class='ocrx_word' id='word_1_103' title='bbox 430 1380 492 1462; x_wconf 84' lang='grc' dir='ltr'><em>τήν</em></span> <span class='ocrx_word' id='word_1_104' title='bbox 510 1381 589 1460; x_wconf 87' lang='grc' dir='ltr'><em>ΔΚ,</em></span> <span class='ocrx_word' id='word_1_105' title='bbox 614 1378 720 1453; x_wconf 76' lang='grc' dir='ltr'><em>οὕτως</em></span> <span class='ocrx_word' id='word_1_106' title='bbox 741 1376 762 1460; x_wconf 83' lang='grc' dir='ltr'><em>ἡ</em></span> <span class='ocrx_word' id='word_1_107' title='bbox 781 1381 857 1441; x_wconf 89' lang='grc' dir='ltr'><em>ΜΛ</em></span> <span class='ocrx_word' id='word_1_108' title='bbox 875 1378 957 1463; x_wconf 82' lang='grc' dir='ltr'><em>πρὸς</em></span> <span class='ocrx_word' id='word_1_109' title='bbox 979 1380 1041 1462; x_wconf 83' lang='grc' dir='ltr'><em>τήν</em></span> <span class='ocrx_word' id='word_1_110' title='bbox 1061 1382 1138 1442; x_wconf 90' lang='grc' dir='ltr'><em>ΛΚ.</em></span> 
     </span>
    </p>

    <p class='ocr_par' dir='ltr' id='par_1_6' title="bbox 72 1487 1142 3077">
     <span class='ocr_line' id='line_1_13' title="bbox 189 1487 1137 1586; baseline -0.001 -20"><span class='ocrx_word' id='word_1_111' title='bbox 189 1503 349 1586; x_wconf 82' lang='grc' dir='ltr'><em>ήχθωσαν</em></span> <span class='ocrx_word' id='word_1_112' title='bbox 386 1503 442 1566; x_wconf 76' lang='grc' dir='ltr'><em>διὰ</em></span> <span class='ocrx_word' id='word_1_113' title='bbox 460 1487 463 1503; x_wconf 21' lang='lat'><em>&#39;¹</em></span> <span class='ocrx_word' id='word_1_114' title='bbox 482 1498 543 1586; x_wconf 64' lang='grc' dir='ltr'><em>μέν</em></span> <span class='ocrx_word' id='word_1_115' title='bbox 579 1513 646 1566; x_wconf 86' lang='grc' dir='ltr'><em>τών</em></span> <span class='ocrx_word' id='word_1_116' title='bbox 678 1507 721 1584; x_wconf 98' lang='grc' dir='ltr'><em>Ε,</em></span> <span class='ocrx_word' id='word_1_117' title='bbox 750 1505 785 1564; x_wconf 88' lang='grc' dir='ltr'><strong><em>Κ</em></strong></span> <span class='ocrx_word' id='word_1_118' title='bbox 813 1504 957 1585; x_wconf 81' lang='grc' dir='ltr'><em>σημείων</em></span> <span class='ocrx_word' id='word_1_119' title='bbox 993 1511 1033 1586; x_wconf 79' lang='grc' dir='ltr'><em>τῇ</em></span> <span class='ocrx_word' id='word_1_120' title='bbox 1071 1506 1137 1566; x_wconf 89' lang='grc' dir='ltr'><em>ΑΒ</em></span> 
     </span>
     <span class='ocr_line' id='line_1_14' title="bbox 124 1603 1139 1694; baseline 0 -22"><span class='ocrx_word' id='word_1_121' title='bbox 124 1605 329 1694; x_wconf 79' lang='grc' dir='ltr'><em>παράλληλοι</em></span> <span class='ocrx_word' id='word_1_122' title='bbox 356 1610 393 1674; x_wconf 81' lang='grc' dir='ltr'><em>αλ</em></span> <span class='ocrx_word' id='word_1_123' title='bbox 418 1613 501 1691; x_wconf 93' lang='grc' dir='ltr'><em>ΕΝ,</em></span> <span class='ocrx_word' id='word_1_124' title='bbox 524 1607 603 1692; x_wconf 71' lang='grc' dir='ltr'><em>ΚΞ,</em></span> <span class='ocrx_word' id='word_1_125' title='bbox 631 1609 687 1672; x_wconf 77' lang='grc' dir='ltr'><em>διὰ</em></span> <span class='ocrx_word' id='word_1_126' title='bbox 715 1603 752 1671; x_wconf 70' lang='grc' dir='ltr'><em>δέ</em></span> <span class='ocrx_word' id='word_1_127' title='bbox 778 1618 845 1672; x_wconf 86' lang='grc' dir='ltr'><em>τών</em></span> <span class='ocrx_word' id='word_1_128' title='bbox 872 1612 915 1690; x_wconf 96' lang='grc' dir='ltr'><em>Ε,</em></span> <span class='ocrx_word' id='word_1_129' title='bbox 941 1611 968 1671; x_wconf 89' lang='grc' dir='ltr'><strong><em>Ζ</em></strong></span> <span class='ocrx_word' id='word_1_130' title='bbox 995 1618 1035 1692; x_wconf 76' lang='grc' dir='ltr'><em>τῇ</em></span> <span class='ocrx_word' id='word_1_131' title='bbox 1061 1613 1139 1672; x_wconf 96' lang='lat' dir='ltr'><em>MA</em></span> 
     </span>
     <span class='ocr_line' id='line_1_15' title="bbox 123 1713 1138 1802; baseline -0.002 -22"><span class='ocrx_word' id='word_1_132' title='bbox 123 1713 328 1802; x_wconf 80' lang='grc' dir='ltr'><em>παράλληλοι</em></span> <span class='ocrx_word' id='word_1_133' title='bbox 352 1716 389 1779; x_wconf 76' lang='grc' dir='ltr'><em>αλ</em></span> <span class='ocrx_word' id='word_1_134' title='bbox 409 1719 482 1798; x_wconf 91' lang='grc' dir='ltr'><em>ΕΟ,</em></span> <span class='ocrx_word' id='word_1_135' title='bbox 508 1719 615 1779; x_wconf 92' lang='grc' dir='ltr'><em>ΖΠΡ.</em></span> <span class='ocrx_word' id='word_1_136' title='bbox 662 1713 731 1778; x_wconf 84' lang='grc' dir='ltr'><em>έτιεὶ</em></span> <span class='ocrx_word' id='word_1_137' title='bbox 753 1722 813 1778; x_wconf 84' lang='grc' dir='ltr'><em>τοῦ</em></span> <span class='ocrx_word' id='word_1_138' title='bbox 836 1716 952 1778; x_wconf 88' lang='grc' dir='ltr'><em>ΑΜΚ</em></span> <span class='ocrx_word' id='word_1_139' title='bbox 971 1715 1138 1800; x_wconf 89' lang='grc' dir='ltr'><em>τριγώνου</em></span> 
     </span>
     <span class='ocr_line' id='line_1_16' title="bbox 72 1818 1140 1909; baseline 0.002 -26"><span class='ocrx_word' id='word_1_140' title='bbox 72 1835 105 1883; x_wconf 88' lang='lat'><em>15</em></span> <span class='ocrx_word' id='word_1_141' title='bbox 124 1824 213 1909; x_wconf 79' lang='grc' dir='ltr'><em>παρὰ</em></span> <span class='ocrx_word' id='word_1_142' title='bbox 239 1824 300 1906; x_wconf 83' lang='grc' dir='ltr'><em>τήν</em></span> <span class='ocrx_word' id='word_1_143' title='bbox 323 1826 402 1886; x_wconf 88' lang='lat' dir='ltr'><em>AM</em></span> <span class='ocrx_word' id='word_1_144' title='bbox 426 1818 573 1907; x_wconf 78' lang='grc' dir='ltr'><em>πλευράν</em></span> <span class='ocrx_word' id='word_1_145' title='bbox 600 1820 690 1885; x_wconf 86' lang='grc' dir='ltr'><em>ε’στιν</em></span> <span class='ocrx_word' id='word_1_146' title='bbox 715 1819 735 1903; x_wconf 83' lang='grc' dir='ltr'><em>ή</em></span> <span class='ocrx_word' id='word_1_147' title='bbox 759 1825 842 1902; x_wconf 88' lang='grc' dir='ltr'><em>ΕΝ,</em></span> <span class='ocrx_word' id='word_1_148' title='bbox 870 1821 914 1896; x_wconf 82' lang='grc' dir='ltr'><em>ὡς</em></span> <span class='ocrx_word' id='word_1_149' title='bbox 937 1821 1001 1906; x_wconf 78' lang='grc' dir='ltr'><em>ἄρα</em></span> <span class='ocrx_word' id='word_1_150' title='bbox 1023 1819 1044 1902; x_wconf 78' lang='grc' dir='ltr'><em>ἡ</em></span> <span class='ocrx_word' id='word_1_151' title='bbox 1069 1824 1140 1885; x_wconf 89' lang='grc' dir='ltr'><em>ΝΕ</em></span> 
     </span>
     <span class='ocr_line' id='line_1_17' title="bbox 124 1925 1139 2012; baseline -0.002 -19"><span class='ocrx_word' id='word_1_152' title='bbox 124 1930 206 2011; x_wconf 75' lang='grc' dir='ltr'><em>πρὸς</em></span> <span class='ocrx_word' id='word_1_153' title='bbox 229 1930 289 2012; x_wconf 82' lang='grc' dir='ltr'><em>τὴν</em></span> <span class='ocrx_word' id='word_1_154' title='bbox 313 1931 389 2011; x_wconf 88' lang='grc' dir='ltr'><em>ΕΚ,</em></span> <span class='ocrx_word' id='word_1_155' title='bbox 414 1928 518 2003; x_wconf 78' lang='grc' dir='ltr'><em>οὕτως</em></span> <span class='ocrx_word' id='word_1_156' title='bbox 540 1927 561 2010; x_wconf 81' lang='grc' dir='ltr'><em>ἡ</em></span> <span class='ocrx_word' id='word_1_157' title='bbox 584 1932 661 1992; x_wconf 96' lang='lat' dir='ltr'><em>MA</em></span> <span class='ocrx_word' id='word_1_158' title='bbox 683 1928 766 2012; x_wconf 80' lang='grc' dir='ltr'><em>πρὸς</em></span> <span class='ocrx_word' id='word_1_159' title='bbox 787 1928 848 2010; x_wconf 85' lang='grc' dir='ltr'><em>τήν</em></span> <span class='ocrx_word' id='word_1_160' title='bbox 867 1929 946 2010; x_wconf 89' lang='grc' dir='ltr'><em>ΑΚ,</em></span> <span class='ocrx_word' id='word_1_161' title='bbox 966 1925 1139 1992; x_wconf 81' lang='grc' dir='ltr'><em>τουτέστιν</em></span> 
     </span>
     <span class='ocr_line' id='line_1_18' title="bbox 125 2031 1137 2119; baseline -0.001 -20"><span class='ocrx_word' id='word_1_162' title='bbox 125 2035 230 2112; x_wconf 85' lang='grc' dir='ltr'><em>οὕτως</em></span> <span class='ocrx_word' id='word_1_163' title='bbox 261 2034 281 2117; x_wconf 78' lang='grc' dir='ltr'><em>ἡ</em></span> <span class='ocrx_word' id='word_1_164' title='bbox 316 2038 381 2098; x_wconf 91' lang='lat' dir='ltr'><em>ZA</em></span> <span class='ocrx_word' id='word_1_165' title='bbox 412 2035 495 2119; x_wconf 79' lang='grc' dir='ltr'><em>πρὸς</em></span> <span class='ocrx_word' id='word_1_166' title='bbox 521 2035 582 2117; x_wconf 83' lang='grc' dir='ltr'><em>τήν</em></span> <span class='ocrx_word' id='word_1_167' title='bbox 610 2039 680 2098; x_wconf 92' lang='grc' dir='ltr'><em>ΑΡ.</em></span> <span class='ocrx_word' id='word_1_168' title='bbox 731 2031 831 2097; x_wconf 78' lang='grc' dir='ltr'><em>πάλιν</em></span> <span class='ocrx_word' id='word_1_169' title='bbox 860 2031 927 2098; x_wconf 83' lang='grc' dir='ltr'><em>ε’τιεὶ</em></span> <span class='ocrx_word' id='word_1_170' title='bbox 955 2032 975 2115; x_wconf 83' lang='grc' dir='ltr'><em>ἡ</em></span> <span class='ocrx_word' id='word_1_171' title='bbox 1005 2037 1071 2098; x_wconf 93' lang='lat' dir='ltr'><em>ZA</em></span> <span class='ocrx_word' id='word_1_172' title='bbox 1099 2044 1137 2119; x_wconf 78' lang='grc' dir='ltr'><em>τῇ</em></span> 
     </span>
     <span class='ocr_line' id='line_1_19' title="bbox 124 2136 1138 2227; baseline 0 -23"><span class='ocrx_word' id='word_1_173' title='bbox 124 2140 192 2215; x_wconf 77' lang='grc' dir='ltr'><em>ΚΞ</em></span> <span class='ocrx_word' id='word_1_174' title='bbox 211 2139 420 2227; x_wconf 78' lang='grc' dir='ltr'><em>παράλληλός</em></span> <span class='ocrx_word' id='word_1_175' title='bbox 442 2139 541 2222; x_wconf 82' lang='grc' dir='ltr'><em>ἐστιν,</em></span> <span class='ocrx_word' id='word_1_176' title='bbox 565 2142 658 2207; x_wconf 78' lang='grc' dir='ltr'><em>ἔστιν,</em></span> <span class='ocrx_word' id='word_1_177' title='bbox 678 2141 752 2226; x_wconf 79' lang='grc' dir='ltr'><em>ἄρα,</em></span> <span class='ocrx_word' id='word_1_178' title='bbox 776 2136 820 2216; x_wconf 80' lang='grc' dir='ltr'><em>ώς</em></span> <span class='ocrx_word' id='word_1_179' title='bbox 842 2139 863 2222; x_wconf 81' lang='grc' dir='ltr'><em>ἡ</em></span> <span class='ocrx_word' id='word_1_180' title='bbox 882 2143 951 2203; x_wconf 91' lang='grc' dir='ltr'><em>ΕΚ</em></span> <span class='ocrx_word' id='word_1_181' title='bbox 971 2139 1055 2225; x_wconf 80' lang='grc' dir='ltr'><em>πρὸς</em></span> <span class='ocrx_word' id='word_1_182' title='bbox 1077 2141 1138 2223; x_wconf 84' lang='grc' dir='ltr'><em>τὴν</em></span> 
     </span>
     <span class='ocr_line' id='line_1_20' title="bbox 124 2242 1136 2332; baseline -0.003 -19"><span class='ocrx_word' id='word_1_183' title='bbox 124 2247 198 2330; x_wconf 76' lang='grc' dir='ltr'><em>ΚΞ,</em></span> <span class='ocrx_word' id='word_1_184' title='bbox 222 2249 327 2324; x_wconf 80' lang='grc' dir='ltr'><em>οὕτως</em></span> <span class='ocrx_word' id='word_1_185' title='bbox 350 2247 369 2330; x_wconf 80' lang='grc' dir='ltr'><em>ἡ</em></span> <span class='ocrx_word' id='word_1_186' title='bbox 393 2252 461 2312; x_wconf 89' lang='lat' dir='ltr'><em>EA</em></span> <span class='ocrx_word' id='word_1_187' title='bbox 483 2249 566 2332; x_wconf 80' lang='grc' dir='ltr'><em>πρὸς</em></span> <span class='ocrx_word' id='word_1_188' title='bbox 587 2249 648 2331; x_wconf 85' lang='grc' dir='ltr'><em>τὴν</em></span> <span class='ocrx_word' id='word_1_189' title='bbox 670 2251 745 2310; x_wconf 92' lang='lat' dir='ltr'><em>AZ.</em></span> <span class='ocrx_word' id='word_1_190' title='bbox 783 2244 852 2311; x_wconf 74' lang='grc' dir='ltr'><em>ἐπεὶ</em></span> <span class='ocrx_word' id='word_1_191' title='bbox 875 2242 946 2330; x_wconf 85' lang='grc' dir='ltr'><em>οὖν,</em></span> <span class='ocrx_word' id='word_1_192' title='bbox 970 2245 1015 2322; x_wconf 82' lang='grc' dir='ltr'><em>ὡς</em></span> <span class='ocrx_word' id='word_1_193' title='bbox 1037 2243 1136 2329; x_wconf 69' lang='grc' dir='ltr'><em>μὲνὴ</em></span> 
     </span>
     <span class='ocr_line' id='line_1_21' title="bbox 72 2350 1139 2441; baseline 0.001 -25"><span class='ocrx_word' id='word_1_194' title='bbox 72 2368 105 2416; x_wconf 79' lang='lat'><em>20</em></span> <span class='ocrx_word' id='word_1_195' title='bbox 124 2358 196 2419; x_wconf 91' lang='grc' dir='ltr'><em>ΝΕ</em></span> <span class='ocrx_word' id='word_1_196' title='bbox 216 2355 299 2441; x_wconf 85' lang='grc' dir='ltr'><em>πρὸς</em></span> <span class='ocrx_word' id='word_1_197' title='bbox 321 2354 382 2436; x_wconf 83' lang='grc' dir='ltr'><em>τὴν</em></span> <span class='ocrx_word' id='word_1_198' title='bbox 404 2356 481 2437; x_wconf 90' lang='grc' dir='ltr'><em>ΕΚ,</em></span> <span class='ocrx_word' id='word_1_199' title='bbox 505 2354 610 2428; x_wconf 80' lang='grc' dir='ltr'><em>οὕτως</em></span> <span class='ocrx_word' id='word_1_200' title='bbox 631 2352 652 2435; x_wconf 78' lang='grc' dir='ltr'><em>ἡ</em></span> <span class='ocrx_word' id='word_1_201' title='bbox 673 2358 738 2417; x_wconf 94' lang='lat' dir='ltr'><em>ZA</em></span> <span class='ocrx_word' id='word_1_202' title='bbox 760 2354 843 2438; x_wconf 82' lang='grc' dir='ltr'><em>πρὸς</em></span> <span class='ocrx_word' id='word_1_203' title='bbox 860 2354 921 2436; x_wconf 83' lang='grc' dir='ltr'><em>τήν</em></span> <span class='ocrx_word' id='word_1_204' title='bbox 940 2357 1013 2436; x_wconf 87' lang='grc' dir='ltr'><em>ΑΡ,</em></span> <span class='ocrx_word' id='word_1_205' title='bbox 1038 2353 1082 2429; x_wconf 83' lang='grc' dir='ltr'><em>ὡς</em></span> <span class='ocrx_word' id='word_1_206' title='bbox 1102 2350 1139 2417; x_wconf 72' lang='grc' dir='ltr'><em>δὲ</em></span> 
     </span>
     <span class='ocr_line' id='line_1_22' title="bbox 124 2459 1139 2548; baseline -0.001 -23"><span class='ocrx_word' id='word_1_207' title='bbox 124 2459 144 2544; x_wconf 85' lang='grc' dir='ltr'><em>ή</em></span> <span class='ocrx_word' id='word_1_208' title='bbox 168 2465 237 2525; x_wconf 92' lang='grc' dir='ltr'><em>ΕΚ</em></span> <span class='ocrx_word' id='word_1_209' title='bbox 257 2462 339 2546; x_wconf 84' lang='grc' dir='ltr'><em>πρὸς</em></span> <span class='ocrx_word' id='word_1_210' title='bbox 361 2461 422 2543; x_wconf 82' lang='grc' dir='ltr'><em>τὴν</em></span> <span class='ocrx_word' id='word_1_211' title='bbox 445 2460 519 2542; x_wconf 74' lang='grc' dir='ltr'><em>ΚΞ,</em></span> <span class='ocrx_word' id='word_1_212' title='bbox 543 2459 648 2536; x_wconf 81' lang='grc' dir='ltr'><em>οὕτως</em></span> <span class='ocrx_word' id='word_1_213' title='bbox 670 2459 691 2543; x_wconf 81' lang='grc' dir='ltr'><em>ή</em></span> <span class='ocrx_word' id='word_1_214' title='bbox 714 2464 781 2524; x_wconf 94' lang='lat' dir='ltr'><em>EA</em></span> <span class='ocrx_word' id='word_1_215' title='bbox 803 2461 886 2545; x_wconf 84' lang='grc' dir='ltr'><em>πρὸς</em></span> <span class='ocrx_word' id='word_1_216' title='bbox 907 2459 970 2543; x_wconf 84' lang='grc' dir='ltr'><em>τήν</em></span> <span class='ocrx_word' id='word_1_217' title='bbox 988 2466 1021 2526; x_wconf 94' lang='lat' dir='ltr'><em>A</em></span> <span class='ocrx_word' id='word_1_218' title='bbox 1028 2467 1065 2548; x_wconf 82' lang='lat' dir='ltr'><em>Z,</em></span> <span class='ocrx_word' id='word_1_219' title='bbox 1082 2459 1139 2526; x_wconf 79' lang='grc' dir='ltr'><em>καὶ</em></span> 
     </span>
     <span class='ocr_line' id='line_1_23' title="bbox 125 2563 1139 2654; baseline 0.003 -24"><span class='ocrx_word' id='word_1_220' title='bbox 125 2565 170 2630; x_wconf 78' lang='grc' dir='ltr'><em>δι’</em></span> <span class='ocrx_word' id='word_1_221' title='bbox 197 2573 270 2632; x_wconf 77' lang='grc' dir='ltr'><em>ἴσον</em></span> <span class='ocrx_word' id='word_1_222' title='bbox 294 2569 358 2653; x_wconf 75' lang='grc' dir='ltr'><em>ἄρα</em></span> <span class='ocrx_word' id='word_1_223' title='bbox 382 2567 419 2632; x_wconf 83' lang='grc' dir='ltr'><em>ἐν</em></span> <span class='ocrx_word' id='word_1_224' title='bbox 436 2565 657 2652; x_wconf 77' lang='grc' dir='ltr'><em>τεταραγμένῃ</em></span> <span class='ocrx_word' id='word_1_225' title='bbox 677 2564 847 2653; x_wconf 79' lang='grc' dir='ltr'><em>ἀναλογία,</em></span> <span class='ocrx_word' id='word_1_226' title='bbox 866 2563 948 2649; x_wconf 79' lang='grc' dir='ltr'><em>ώςή</em></span> <span class='ocrx_word' id='word_1_227' title='bbox 968 2572 1043 2632; x_wconf 95' lang='grc' dir='ltr'><em>ΕΝ</em></span> <span class='ocrx_word' id='word_1_228' title='bbox 1056 2570 1139 2654; x_wconf 83' lang='grc' dir='ltr'><em>πρὸς</em></span> 
     </span>
     <span class='ocr_line' id='line_1_24' title="bbox 124 2671 1139 2758; baseline 0.004 -22"><span class='ocrx_word' id='word_1_229' title='bbox 124 2671 186 2754; x_wconf 82' lang='grc' dir='ltr'><em>τήν</em></span> <span class='ocrx_word' id='word_1_230' title='bbox 204 2672 278 2755; x_wconf 75' lang='grc' dir='ltr'><em>ΚΞ,</em></span> <span class='ocrx_word' id='word_1_231' title='bbox 302 2673 407 2749; x_wconf 76' lang='grc' dir='ltr'><em>οὕτως</em></span> <span class='ocrx_word' id='word_1_232' title='bbox 429 2672 449 2756; x_wconf 85' lang='grc' dir='ltr'><em>ή</em></span> <span class='ocrx_word' id='word_1_233' title='bbox 468 2678 535 2737; x_wconf 92' lang='grc' dir='ltr'><em>ΕΑ</em></span> <span class='ocrx_word' id='word_1_234' title='bbox 557 2673 639 2758; x_wconf 76' lang='grc' dir='ltr'><em>πρὸς</em></span> <span class='ocrx_word' id='word_1_235' title='bbox 661 2671 723 2755; x_wconf 82' lang='grc' dir='ltr'><em>τήν</em></span> <span class='ocrx_word' id='word_1_236' title='bbox 742 2677 815 2756; x_wconf 88' lang='grc' dir='ltr'><em>ΑΡ,</em></span> <span class='ocrx_word' id='word_1_237' title='bbox 839 2672 1011 2738; x_wconf 88' lang='grc' dir='ltr'><em>τουτέστιν</em></span> <span class='ocrx_word' id='word_1_238' title='bbox 1034 2673 1139 2757; x_wconf 81' lang='grc' dir='ltr'><em>ήΕΟ</em></span> 
     </span>
     <span class='ocr_line' id='line_1_25' title="bbox 124 2774 1142 2865; baseline 0.003 -23"><span class='ocrx_word' id='word_1_239' title='bbox 124 2779 207 2864; x_wconf 76' lang='grc' dir='ltr'><em>πρὸς</em></span> <span class='ocrx_word' id='word_1_240' title='bbox 234 2777 294 2860; x_wconf 80' lang='grc' dir='ltr'><em>τήν</em></span> <span class='ocrx_word' id='word_1_241' title='bbox 324 2783 396 2842; x_wconf 89' lang='grc' dir='ltr'><em>ΠΡ.</em></span> <span class='ocrx_word' id='word_1_242' title='bbox 450 2777 519 2843; x_wconf 80' lang='grc' dir='ltr'><em>ἐπεὶ</em></span> <span class='ocrx_word' id='word_1_243' title='bbox 548 2774 610 2845; x_wconf 88' lang='grc' dir='ltr'><em>οὖν</em></span> <span class='ocrx_word' id='word_1_244' title='bbox 637 2779 654 2844; x_wconf 88' lang='grc' dir='ltr'>ὁ</span> <span class='ocrx_word' id='word_1_245' title='bbox 682 2788 741 2862; x_wconf 75' lang='grc' dir='ltr'><em>τῆς</em></span> <span class='ocrx_word' id='word_1_246' title='bbox 768 2783 845 2843; x_wconf 95' lang='lat' dir='ltr'><em>MA</em></span> <span class='ocrx_word' id='word_1_247' title='bbox 872 2780 954 2865; x_wconf 81' lang='grc' dir='ltr'><em>πρὸς</em></span> <span class='ocrx_word' id='word_1_248' title='bbox 981 2782 1043 2864; x_wconf 82' lang='grc' dir='ltr'><em>τὴν</em></span> <span class='ocrx_word' id='word_1_249' title='bbox 1068 2783 1142 2845; x_wconf 90' lang='lat' dir='ltr'><em>AK</em></span> 
     </span>
     <span class='ocr_line' id='line_1_26' title="bbox 73 2884 1137 2974; baseline 0.006 -28"><span class='ocrx_word' id='word_1_250' title='bbox 73 2899 107 2948; x_wconf 69' lang='grc' dir='ltr'><em>νο</em></span> <span class='ocrx_word' id='word_1_251' title='bbox 127 2888 225 2967; x_wconf 81' lang='grc' dir='ltr'><em>λόγος</em></span> <span class='ocrx_word' id='word_1_252' title='bbox 251 2884 269 2949; x_wconf 86' lang='grc' dir='ltr'>ὁ</span> <span class='ocrx_word' id='word_1_253' title='bbox 297 2884 396 2961; x_wconf 76' lang='grc' dir='ltr'><em>αὐτός</em></span> <span class='ocrx_word' id='word_1_254' title='bbox 424 2884 493 2949; x_wconf 82' lang='grc' dir='ltr'><em>ἐστι</em></span> <span class='ocrx_word' id='word_1_255' title='bbox 520 2895 565 2971; x_wconf 76' lang='grc' dir='ltr'><em>τῷ</em></span> <span class='ocrx_word' id='word_1_256' title='bbox 592 2894 651 2969; x_wconf 80' lang='grc' dir='ltr'><em>τῆς</em></span> <span class='ocrx_word' id='word_1_257' title='bbox 675 2890 740 2950; x_wconf 90' lang='lat' dir='ltr'><em>ZA</em></span> <span class='ocrx_word' id='word_1_258' title='bbox 762 2886 845 2971; x_wconf 79' lang='grc' dir='ltr'><em>πρὸς</em></span> <span class='ocrx_word' id='word_1_259' title='bbox 866 2887 928 2970; x_wconf 80' lang='grc' dir='ltr'><em>τήν</em></span> <span class='ocrx_word' id='word_1_260' title='bbox 950 2887 1020 2960; x_wconf 72' lang='grc' dir='ltr'><em>ΛΞ</em></span> <span class='ocrx_word' id='word_1_261' title='bbox 1040 2890 1137 2974; x_wconf 79' lang='grc' dir='ltr'><em>λόγῳ,</em></span> 
     </span>
     <span class='ocr_line' id='line_1_27' title="bbox 125 2987 1138 3077; baseline 0.002 -21"><span class='ocrx_word' id='word_1_262' title='bbox 125 2991 143 3056; x_wconf 86' lang='grc' dir='ltr'>ὁ</span> <span class='ocrx_word' id='word_1_263' title='bbox 168 2987 205 3055; x_wconf 70' lang='grc' dir='ltr'><em>δέ</em></span> <span class='ocrx_word' id='word_1_264' title='bbox 227 2998 284 3073; x_wconf 82' lang='grc' dir='ltr'><em>τής</em></span> <span class='ocrx_word' id='word_1_265' title='bbox 304 2995 370 3054; x_wconf 94' lang='lat' dir='ltr'><em>ZA</em></span> <span class='ocrx_word' id='word_1_266' title='bbox 387 2992 470 3077; x_wconf 80' lang='grc' dir='ltr'><em>πρὸς</em></span> <span class='ocrx_word' id='word_1_267' title='bbox 492 2993 554 3075; x_wconf 82' lang='grc' dir='ltr'><em>τήν</em></span> <span class='ocrx_word' id='word_1_268' title='bbox 571 2997 604 3055; x_wconf 96' lang='lat' dir='ltr'><em>A</em></span> <span class='ocrx_word' id='word_1_269' title='bbox 610 2991 640 3065; x_wconf 74' lang='grc' dir='ltr'><em>Ξ</em></span> <span class='ocrx_word' id='word_1_270' title='bbox 660 2995 757 3075; x_wconf 82' lang='grc' dir='ltr'><em>λόγος</em></span> <span class='ocrx_word' id='word_1_271' title='bbox 780 2993 948 3075; x_wconf 81' lang='grc' dir='ltr'><em>σύγκειται</em></span> <span class='ocrx_word' id='word_1_272' title='bbox 971 2995 1008 3058; x_wconf 80' lang='grc' dir='ltr'><em>ἔτι</em></span> <span class='ocrx_word' id='word_1_273' title='bbox 1025 3017 1061 3058; x_wconf 92' lang='grc' dir='ltr'><em>τε</em></span> <span class='ocrx_word' id='word_1_274' title='bbox 1079 3002 1138 3058; x_wconf 87' lang='grc' dir='ltr'><em>τοῦ</em></span> 
     </span>
    </p>
   </div>
   <div class='ocr_carea' id='block_1_3' title="bbox 197 3253 1140 3381">
    <p class='ocr_par' dir='ltr' id='par_1_7' title="bbox 197 3253 1140 3381">
     <span class='ocr_line' id='line_1_28' title="bbox 197 3253 1140 3381; baseline 0.004 -74"><span class='ocrx_word' id='word_1_275' title='bbox 197 3259 221 3308; x_wconf 87' lang='grc'><em>3.</em></span> <span class='ocrx_word' id='word_1_276' title='bbox 241 3253 276 3325; x_wconf 75' lang='grc' dir='ltr'><em>ἡ]</em></span> <span class='ocrx_word' id='word_1_277' title='bbox 295 3270 311 3307; x_wconf 84' lang='grc' dir='ltr'><em>ο</em></span> <span class='ocrx_word' id='word_1_278' title='bbox 331 3269 398 3308; x_wconf 84' lang='lat' dir='ltr'>corr.</span> <span class='ocrx_word' id='word_1_279' title='bbox 418 3272 454 3308; x_wconf 92' lang='lat' dir='ltr'><em>m.</em></span> <span class='ocrx_word' id='word_1_280' title='bbox 475 3260 489 3308; x_wconf 92' lang='lat'>1</span> <span class='ocrx_word' id='word_1_281' title='bbox 510 3271 532 3310; x_wconf 86' lang='grc' dir='ltr'><em>ο.</em></span> <span class='ocrx_word' id='word_1_282' title='bbox 625 3260 666 3309; x_wconf 91' lang='lat'><em>10.</em></span> <span class='ocrx_word' id='word_1_283' title='bbox 690 3257 795 3381; x_wconf 47' lang='grc' dir='ltr'><em>ΔΚΛᾹ</em></span> <span class='ocrx_word' id='word_1_284' title='bbox 812 3254 870 3324; x_wconf 80' lang='lat' dir='ltr'><em>Vc,</em></span> <span class='ocrx_word' id='word_1_285' title='bbox 894 3260 1024 3311; x_wconf 82' lang='lat' dir='ltr'><em>AKAM</em></span> <span class='ocrx_word' id='word_1_286' title='bbox 1038 3256 1140 3326; x_wconf 79' lang='lat' dir='ltr'>Halley</span> 
     </span>
    </p>
   </div>
   <div class='ocr_carea' id='block_1_4' title="bbox 126 3325 1140 3470">
    <p class='ocr_par' dir='ltr' id='par_1_8' title="bbox 126 3325 1140 3470">
     <span class='ocr_line' id='line_1_29' title="bbox 126 3325 524 3451; baseline 0 -71"><span class='ocrx_word' id='word_1_287' title='bbox 126 3343 189 3380; x_wconf 84' lang='lat' dir='ltr'><em>cum</em></span> <span class='ocrx_word' id='word_1_288' title='bbox 209 3325 312 3379; x_wconf 84' lang='lat' dir='ltr'>Comm.</span> <span class='ocrx_word' id='word_1_289' title='bbox 387 3331 428 3380; x_wconf 90' lang='lat'><em>11.</em></span> <span class='ocrx_word' id='word_1_290' title='bbox 447 3327 524 3451; x_wconf 44' lang='lat'><em>1111}</em></span> 
     </span>
     <span class='ocr_line' id='line_1_30' title="bbox 126 3392 1140 3470; baseline 0.004 -20"><span class='ocrx_word' id='word_1_291' title='bbox 126 3396 188 3451; x_wconf 71' lang='grc' dir='ltr'><em>ἐπεὶ</em></span> <span class='ocrx_word' id='word_1_292' title='bbox 207 3392 258 3451; x_wconf 76' lang='grc' dir='ltr'><em>οὖν</em></span> <span class='ocrx_word' id='word_1_293' title='bbox 278 3413 346 3452; x_wconf 78' lang='lat' dir='ltr'>corr.</span> <span class='ocrx_word' id='word_1_294' title='bbox 365 3414 402 3452; x_wconf 91' lang='lat' dir='ltr'><em>m.</em></span> <span class='ocrx_word' id='word_1_295' title='bbox 423 3403 436 3451; x_wconf 92' lang='lat'>1</span> <span class='ocrx_word' id='word_1_296' title='bbox 458 3413 491 3451; x_wconf 85' lang='lat' dir='ltr'><em>ex</em></span> <span class='ocrx_word' id='word_1_297' title='bbox 524 3397 571 3451; x_wconf 78' lang='grc' dir='ltr'><em>τεὶ</em></span> <span class='ocrx_word' id='word_1_298' title='bbox 588 3405 638 3452; x_wconf 84' lang='grc' dir='ltr'><em>τοῦ</em></span> <span class='ocrx_word' id='word_1_299' title='bbox 658 3415 680 3453; x_wconf 88' lang='grc' dir='ltr'><em>ο,</em></span> <span class='ocrx_word' id='word_1_300' title='bbox 758 3402 799 3452; x_wconf 86' lang='grc'><em>18.</em></span> <span class='ocrx_word' id='word_1_301' title='bbox 820 3398 893 3469; x_wconf 70' lang='grc' dir='ltr'><em>ΚΞ]</em></span> <span class='ocrx_word' id='word_1_302' title='bbox 913 3401 968 3452; x_wconf 86' lang='grc' dir='ltr'><em>ΚΖ</em></span> <span class='ocrx_word' id='word_1_303' title='bbox 987 3399 1046 3470; x_wconf 85' lang='lat' dir='ltr'><em>Vc,</em></span> <span class='ocrx_word' id='word_1_304' title='bbox 1072 3417 1140 3454; x_wconf 75' lang='lat' dir='ltr'>corr,</span> 
     </span>
    </p>
   </div>
   <div class='ocr_carea' id='block_1_5' title="bbox 80 3442 1141 3615">
    <p class='ocr_par' dir='ltr' id='par_1_9' title="bbox 80 3442 1141 3615">
     <span class='ocr_line' id='line_1_31' title="bbox 80 3442 1141 3615; baseline -0.001 -56"><span class='ocrx_word' id='word_1_305' title='bbox 80 3442 216 3615; x_wconf 54' lang='lat' dir='ltr'><em>&#39;Gom</em></span> <span class='ocrx_word' id='word_1_306' title='bbox 296 3511 340 3562; x_wconf 81' lang='lat'><em>22.</em></span> <span class='ocrx_word' id='word_1_307' title='bbox 360 3501 570 3582; x_wconf 72' lang='grc' dir='ltr'><em>τεταραγμένῃ]</em></span> <span class='ocrx_word' id='word_1_308' title='bbox 586 3482 757 3576; x_wconf 66' lang='grc' dir='ltr'><em>τεέραγμένη</em></span> <span class='ocrx_word' id='word_1_309' title='bbox 772 3504 807 3558; x_wconf 78' lang='lat' dir='ltr'><em>V.</em></span> <span class='ocrx_word' id='word_1_310' title='bbox 878 3508 920 3560; x_wconf 80' lang='lat'><em>25.</em></span> <span class='ocrx_word' id='word_1_311' title='bbox 943 3505 1011 3577; x_wconf 91' lang='lat' dir='ltr'><em>ZA]</em></span> <span class='ocrx_word' id='word_1_312' title='bbox 1032 3522 1059 3577; x_wconf 80' lang='grc' dir='ltr'><em>ο,</em></span> <span class='ocrx_word' id='word_1_313' title='bbox 1086 3509 1141 3560; x_wconf 77' lang='lat' dir='ltr'><em>Ze</em></span> 
     </span>
    </p>
   </div>
   <div class='ocr_carea' id='block_1_6' title="bbox 538 3326 1139 3401">
    <p class='ocr_par' dir='ltr' id='par_1_10' title="bbox 538 3326 1139 3401">
     <span class='ocr_line' id='line_1_32' title="bbox 538 3326 1139 3401; baseline 0.005 -21"><span class='ocrx_word' id='word_1_314' title='bbox 538 3330 594 3380; x_wconf 85' lang='grc' dir='ltr'><em>ΑΚ</em></span> <span class='ocrx_word' id='word_1_315' title='bbox 609 3326 668 3396; x_wconf 86' lang='lat' dir='ltr'><em>Vc,</em></span> <span class='ocrx_word' id='word_1_316' title='bbox 688 3343 756 3382; x_wconf 78' lang='lat' dir='ltr'><strong>corr.</strong></span> <span class='ocrx_word' id='word_1_317' title='bbox 796 3343 878 3380; x_wconf 87' lang='lat' dir='ltr'><strong>omm.</strong></span> <span class='ocrx_word' id='word_1_318' title='bbox 952 3333 994 3382; x_wconf 80' lang='lat'><em>14.</em></span> <span class='ocrx_word' id='word_1_319' title='bbox 1014 3327 1087 3401; x_wconf 78' lang='grc' dir='ltr'><em>ἐπεί]</em></span> <span class='ocrx_word' id='word_1_320' title='bbox 1106 3329 1139 3396; x_wconf 80' lang='lat' dir='ltr'><em>V,</em></span> 
     </span>
    </p>
   </div>
   <div class='ocr_carea' id='block_1_7' title="bbox 0 0 1226 3854">
    <p class='ocr_par' dir='ltr' id='par_1_11' title="bbox 0 0 1226 3854">
     <span class='ocr_line' id='line_1_33' title="bbox 0 0 1226 3854; baseline 0 0"><span class='ocrx_word' id='word_1_321' title='bbox 0 0 1226 3854; x_wconf 95' lang='lat' dir='ltr'><em> </em></span> 
     </span>
    </p>
   </div>
  </div>
 </body>
</html>
