2430 3854
123 166 165 230 28
390 169 478 221 ΠΕΡΙ
494 169 709 221 ΚΤΛΙΝΔΡΟΤ
727 169 863 221 ΤΟΜΗΣ.

190 312 240 376 ὅτι
272 307 332 395 μὲν
364 313 425 377 οὔκ
454 311 544 377 ἐστιν
571 311 823 398 εὐθύγραμμον,
852 312 963 394 δῆλον.
1013 310 1044 373 εί
1071 309 1136 394 γὰρ

124 419 279 501 δυνατόν,
302 422 383 484 ἔστω
407 418 659 503 εὐθύγραμμον,
682 417 737 483 καὶ
763 419 913 501 εἰλήφθω
935 415 1063 500 πλευροί
1085 439 1138 491 τις

124 525 228 589 αὐτοῦ
250 524 270 607 ἡ
295 528 365 589 ΓΕ.
399 523 480 590 ’ἐπεὶ
503 521 565 590 οὖν
589 522 641 589 ἐπὶ
659 534 716 608 τῆς
734 523 926 608 ἐπιφανείας
944 531 1004 587 τοῦ
1022 524 1137 586 κυλίν-

124 633 207 716 δρου
236 629 298 696 δύο
326 643 443 715 σημεῖα
471 637 618 715 είληπται
646 633 686 696 τὰ
713 635 755 714 Γ,
774 636 805 695 Ε
830 633 873 714 μὴ
899 631 979 695 ὄντα
1003 627 1055 694 ἐπὶ
1078 637 1138 711 τῆς

89 749 105 798 5
124 739 225 821 αὐτῆς
243 743 387 822 πλευρᾶς
405 747 465 804 τοῦ
484 741 677 823 κυλίνδρου·
706 737 726 820 ἡ
745 739 808 823 γὰρ
827 738 953 823 πλευρδι
971 736 1054 800 κατὰ
1073 733 1137 799 δύο

124 857 240 928 σημεῖα
272 844 313 908 οὐ
340 828 450 928 τέμνει
476 847 537 928 τὴν
563 844 721 927 τοιαύτην
747 845 912 929 γραμμήν·
954 842 974 925 ἡ
1005 843 1068 926 ίίρα
1095 841 1137 904 τδι

125 954 167 1034 Γ,
190 956 222 1015 Ε
242 962 359 1034 σημεῖα
382 949 640 1033 ἐπιζευγνύουσα
663 952 778 1016 εὐθεῖα
797 949 849 1015 ἐπὶ
867 959 925 1033 τῆς
943 948 1138 1031 ἐπιφανείας

125 1056 193 1122 ε’στὶ
216 1066 277 1123 τοῦ
300 1059 495 1143 κυλίνδρου·
527 1059 606 1143 ὅπερ
625 1056 793 1122 ἀδύνατον
812 1057 955 1140 ἐδείχθη.
992 1055 1053 1120 οὐκ
1072 1056 1138 1139 ἄρα

125 1163 241 1228 εὐθεῖά
265 1163 355 1228 ἐστιν
377 1164 397 1247 ή
423 1168 487 1228 ΓΕ·
507 1166 652 1249 γραμμή·
686 1165 722 1229 τὸ
746 1166 810 1248 ἄρα
829 1167 930 1228 ΓΕΔ
948 1171 1055 1246 σχῆμα
1075 1161 1138 1225 ούκ

72 1280 106 1328 10
125 1269 216 1334 ἐστιν
238 1269 484 1356 εὐθύγραμμον.

192 1375 338 1441 δεικτέον
361 1379 413 1461 δή,
437 1379 487 1442 ὅτι
511 1373 590 1442 οὐδὲ
613 1379 741 1453 κύκλος.

193 1481 262 1547 ἐπεὶ
289 1483 352 1567 γὰρ
380 1485 417 1548 τὸ
445 1492 502 1566 τῆς
528 1486 628 1548 ΓΕΑ
650 1493 751 1567 τομής
774 1482 930 1547 ε’πίπεδον
952 1490 997 1568 τῷ
1021 1489 1080 1544 τοῦ
1105 1486 1139 1544 Α

125 1589 250 1652 κύκλου
273 1587 415 1676 ἐπιπέδῳ
440 1590 501 1654 οὔκ
525 1589 594 1654 ἐστι
611 1589 834 1674 παράλληλον,
857 1588 1079 1672 ἐκβαλλόμενα
1097 1587 1139 1650 τὰ

56 1688 57 1691 “
127 1695 262 1760 ἐπίπεδα
285 1708 375 1779 τεμεῖ
395 1697 529 1779 ἄλληλα.
569 1695 725 1779 τεμνέτω,
748 1693 803 1760 καί
827 1697 909 1760 έστω
933 1695 1028 1776 κοινὴ
1052 1694 1137 1776 τομή

74 1811 107 1860 15
127 1802 238 1866 αὐτῶν
264 1800 284 1883 ή
310 1805 392 1884 ΖΗ,
420 1799 475 1865 καὶ
502 1802 558 1865 διὰ
580 1811 639 1865 τοῦ
663 1807 695 1866 A
717 1800 857 1885 κέντρου
879 1802 973 1884 ήχθω
997 1799 1140 1875 κοίθετος

126 1908 179 1975 ἐπὶ
201 1911 263 1992 τὴν
284 1912 357 1972 ΖΗ
371 1907 391 1990 ή
413 1911 532 1991 ΘΑΗ,
555 1904 611 1971 καὶ
634 1909 690 1972 διδι
708 1917 766 1992 της
786 1913 851 1973 ΘΛ
869 1905 924 1972 καὶ
942 1915 1001 1971 τοῦ
1021 1905 1139 1984 ἄξονος

127 2016 338 2100 ἐκβεβλήσθω
363 2014 519 2079 ἐπίπεδον
540 2023 661 2078 ποιοῦν
684 2013 720 2079 ἐν
742 2012 804 2098 μὲν
825 2024 870 2101 τῷ
893 2014 1060 2100 κυλίνδρφ
1084 2037 1139 2077 το-

127 2124 253 2207 μήντὸ
279 2125 347 2186 ΘΚ
370 2123 728 2206 παραλληλόγραμμον,
752 2121 788 2186 ἐν
811 2118 848 2185 δέ
871 2130 909 2205 τῇ
934 2123 1032 2184 ΓΕΔ
1055 2128 1139 2204 τομῇ

130 2231 191 2312 τήν
214 2232 279 2293 ΓΛ
302 2227 449 2311 εὐθεῖαν,
472 2225 527 2292 καὶ
549 2237 607 2311 τής
625 2231 690 2292 ΓΛ
709 2230 785 2311 δίχα
803 2231 983 2311 τμηθείσης
1000 2226 1082 2290 κατὰ
1100 2228 1139 2290 τὸ

77 2345 111 2394 20
130 2339 161 2399 A
174 2336 333 2418 ἤχθωσαν
352 2342 390 2418 τῇ
407 2338 479 2398 ΖΗ
489 2334 694 2418 παράλληλοι
713 2335 769 2398 διδι
786 2330 847 2417 μέν
864 2342 924 2397 τοῦ
939 2336 970 2396 Λ
983 2333 1003 2415 ἡ
1017 2335 1140 2413 EAM,

130 2442 186 2505 διδι
209 2437 245 2504 δὲ
268 2449 327 2504 τοῦ
350 2447 383 2505 A
405 2440 425 2522 ή
448 2439 565 2513 ΝΛΞ·
599 2441 636 2505 αί
656 2442 720 2524 ἄρα
739 2445 826 2523 ΜΕ,
845 2439 915 2513 ΝΞ
933 2438 1143 2523 παροίλληλοί

130 2550 214 2612 είσιν
242 2545 408 2628 ἀλλήλαις.
452 2548 547 2630 ήχθω
575 2549 691 2611 τοίνυν
719 2548 775 2611 διὰ
801 2555 859 2630 της
881 2550 960 2610 EM
982 2545 1140 2610 ἐπίπεδον

129 2653 341 2739 παροίλληλον
372 2660 411 2735 τη
443 2651 537 2734 βοίσει
569 2660 629 2715 τοῦ
660 2653 841 2737 κυλίνδρου
873 2659 993 2716 ποιοῦν
1025 2650 1061 2715 ἐν
1093 2660 1140 2739 τῷ

129 2759 296 2844 κυλίνδρφ
315 2759 420 2840 τομήν
437 2758 498 2841 τήν
514 2762 619 2822 ΟΕΠ
620 2763 665 2823 Μ
666 2778 672 2793 ·
691 2760 711 2843 ἡ
730 2764 836 2824 ΟΕΠ
845 2760 910 2845 ἄρα
923 2759 1005 2841 τομή
1019 2758 1142 2834 κύκλος

77 2874 111 2923 25
130 2863 230 2947 ἐστίν,
253 2858 294 2928 οὗ
318 2862 491 2948 διοίμετρός
514 2862 604 2928 ἐστιν
627 2864 647 2946 ἡ
670 2869 741 2929 ΟΠ
761 2866 837 2949 δίχα
859 2861 1038 2947 τετμημένη
1056 2865 1141 2929 κατὰ

129 2972 166 3035 τὸ
195 2974 239 3034 A·
272 2967 341 3034 ἐπεὶ
368 2969 430 3056 γδιρ
458 2980 525 3035 τῶν
549 2974 661 3055 ΛΟΓ,
686 2976 794 3036 ΛΠΛ
819 2971 992 3057 τριγώνων
1014 2969 1152 3054 ὁμοίων.

94 3154 100 3173 Ι,
130 3079 238 3144 ὄντων
266 3082 320 3159 ίση
348 3074 439 3141 ἐστὶν
465 3077 485 3160 ή
514 3081 578 3142 ΓΛ
600 3087 640 3163 τῇ
664 3082 746 3160 ΛΔ,
775 3083 828 3160 ίση
856 3079 919 3162 ἄρα
946 3075 1001 3142 καὶ
1029 3076 1049 3160 ἡ
1074 3082 1141 3142 ΟΛ

80 3324 83 3337 ’
203 3309 243 3359 14
267 3303 349 3372 κοινή
368 3303 476 3372 τομήα
457 3305 532 3359 οιῶίιτ
534 3305 562 3375 ν]
582 3305 675 3358 αὐτῶν
693 3304 775 3373 κοινή
793 3303 908 3373 τομήμ
992 3311 1030 3358 18
1057 3307 1140 3377 τομή]

131 3391 222 3430 ome.
278 3380 319 3433 21
341 3376 482 3446 NAfflp,
503 3377 588 3435 ΝΞΛ
602 3375 656 3436 Vc
711 3376 1142 3446 24.0E11]0E11MHalle

130 3445 315 3500 cumComm.
390 3445 465 3500 26.4
452 3419 527 3518 ἐπεί]
549 3443 635 3500 ἐπίο.
699 3446 846 3571 τωγβαμτ
831 3446 933 3501 v.6Vc
993 3449 1140 3521 AHA]p,

118 3520 214 3567 AJIA
233 3516 280 3569 Vc,
316 3553 318 3556 -
357 3446 559 3590 τι],ργώνων]μ
577 3519 776 3587 τρίγωνονο
