<?xml version="1.0" encoding="UTF-8"?>
<!DOCTYPE html PUBLIC "-//W3C//DTD XHTML 1.0 Transitional//EN"
    "http://www.w3.org/TR/xhtml1/DTD/xhtml1-transitional.dtd">
<html xmlns="http://www.w3.org/1999/xhtml" xml:lang="en" lang="en">
 <head>
  <title>
</title>
<meta http-equiv="Content-Type" content="text/html;charset=utf-8" />
  <meta name='ocr-system' content='tesseract 3.04.00' />
  <meta name='ocr-capabilities' content='ocr_page ocr_carea ocr_par ocr_line ocrx_word'/>
</head>
<body>
  <div class='ocr_page' id='page_1' title='image "./sereniantinoens01heibgoog_0107.png"; bbox 0 0 2430 3854; ppageno 0'>
   <div class='ocr_carea' id='block_1_1' title="bbox 20 3528 29 3639">
    <p class='ocr_par' dir='ltr' id='par_1_1' title="bbox 20 3528 29 3639">
     <span class='ocr_line' id='line_1_1' title="bbox 20 3528 29 3639; baseline 0 0"><span class='ocrx_word' id='word_1_1' title='bbox 20 3528 29 3639; x_wconf 75' lang='grc' dir='ltr'>ἰ</span> 
     </span>
    </p>
   </div>
   <div class='ocr_carea' id='block_1_2' title="bbox 120 170 969 249">
    <p class='ocr_par' dir='ltr' id='par_1_2' title="bbox 120 170 969 249">
     <span class='ocr_line' id='line_1_2' title="bbox 120 170 969 249; baseline 0 -15"><span class='ocrx_word' id='word_1_2' title='bbox 120 184 163 249; x_wconf 78' lang='lat'><strong><em>82</em></strong></span> <span class='ocrx_word' id='word_1_3' title='bbox 390 179 478 235; x_wconf 72' lang='grc' dir='ltr'><strong>ΠΕΡΙ</strong></span> <span class='ocrx_word' id='word_1_4' title='bbox 496 182 710 235; x_wconf 64' lang='lat' dir='ltr'><strong><em>mmor</em></strong></span> <span class='ocrx_word' id='word_1_5' title='bbox 729 182 864 236; x_wconf 75' lang='grc' dir='ltr'><strong><em>ΤοΜΗΣ.</em></strong></span> <span class='ocrx_word' id='word_1_6' title='bbox 963 170 969 179; x_wconf 91' lang='grc'><strong>’</strong></span> 
     </span>
    </p>
   </div>
   <div class='ocr_carea' id='block_1_3' title="bbox 71 323 1142 2333">
    <p class='ocr_par' dir='ltr' id='par_1_3' title="bbox 120 323 1140 736">
     <span class='ocr_line' id='line_1_3' title="bbox 120 323 1140 415; baseline -0.002 -21"><span class='ocrx_word' id='word_1_7' title='bbox 120 335 189 394; x_wconf 84' lang='grc' dir='ltr'><strong><em>ΕΛ</em></strong></span> <span class='ocrx_word' id='word_1_8' title='bbox 216 330 298 415; x_wconf 87' lang='grc' dir='ltr'><strong><em>πρὸς</em></strong></span> <span class='ocrx_word' id='word_1_9' title='bbox 325 329 362 393; x_wconf 87' lang='grc' dir='ltr'><strong><em>τὸ</em></strong></span> <span class='ocrx_word' id='word_1_10' title='bbox 385 326 449 393; x_wconf 82' lang='grc' dir='ltr'><strong><em>ἀπὸ</em></strong></span> <span class='ocrx_word' id='word_1_11' title='bbox 472 335 530 410; x_wconf 79' lang='grc' dir='ltr'><strong><em>τῆς</em></strong></span> <span class='ocrx_word' id='word_1_12' title='bbox 552 330 632 410; x_wconf 88' lang='grc' dir='ltr'><strong><em>ΒΚ,</em></strong></span> <span class='ocrx_word' id='word_1_13' title='bbox 660 323 809 391; x_wconf 81' lang='grc' dir='ltr'><strong><em>τουτέστι</em></strong></span> <span class='ocrx_word' id='word_1_14' title='bbox 836 327 873 390; x_wconf 92' lang='grc' dir='ltr'><strong><em>τὸ</em></strong></span> <span class='ocrx_word' id='word_1_15' title='bbox 899 325 962 392; x_wconf 84' lang='grc' dir='ltr'><strong><em>ἀπὸ</em></strong></span> <span class='ocrx_word' id='word_1_16' title='bbox 987 336 1047 410; x_wconf 80' lang='grc' dir='ltr'><strong><em>τῆς</em></strong></span> <span class='ocrx_word' id='word_1_17' title='bbox 1070 328 1140 392; x_wconf 91' lang='grc' dir='ltr'><strong><em>δια-</em></strong></span> 
     </span>
     <span class='ocr_line' id='line_1_4' title="bbox 120 433 1138 523; baseline -0.002 -22"><span class='ocrx_word' id='word_1_18' title='bbox 120 435 242 523; x_wconf 81' lang='grc' dir='ltr'><strong><em>μέτρου</em></strong></span> <span class='ocrx_word' id='word_1_19' title='bbox 265 443 323 519; x_wconf 77' lang='grc' dir='ltr'><strong><em>τῆς</em></strong></span> <span class='ocrx_word' id='word_1_20' title='bbox 346 443 405 499; x_wconf 87' lang='grc' dir='ltr'><strong><em>τοῦ</em></strong></span> <span class='ocrx_word' id='word_1_21' title='bbox 428 435 610 520; x_wconf 73' lang='grc' dir='ltr'><strong><em>κυλίνδρου</em></strong></span> <span class='ocrx_word' id='word_1_22' title='bbox 634 433 807 511; x_wconf 77' lang='grc' dir='ltr'><strong><em>ἐλλείψεως</em></strong></span> <span class='ocrx_word' id='word_1_23' title='bbox 830 441 888 516; x_wconf 80' lang='grc' dir='ltr'><strong><em>τῆς</em></strong></span> <span class='ocrx_word' id='word_1_24' title='bbox 906 438 975 497; x_wconf 86' lang='grc' dir='ltr'><strong><em>ΕΛ</em></strong></span> <span class='ocrx_word' id='word_1_25' title='bbox 993 435 1079 520; x_wconf 88' lang='grc' dir='ltr'><strong><em>πρὸς</em></strong></span> <span class='ocrx_word' id='word_1_26' title='bbox 1101 436 1138 499; x_wconf 91' lang='grc' dir='ltr'><strong><em>τὸ</em></strong></span> 
     </span>
     <span class='ocr_line' id='line_1_5' title="bbox 121 536 1140 627; baseline -0.003 -20"><span class='ocrx_word' id='word_1_27' title='bbox 121 542 185 607; x_wconf 76' lang='grc' dir='ltr'><strong><em>ἀπὸ</em></strong></span> <span class='ocrx_word' id='word_1_28' title='bbox 213 550 271 626; x_wconf 76' lang='grc' dir='ltr'><strong><em>τῆς</em></strong></span> <span class='ocrx_word' id='word_1_29' title='bbox 298 544 460 624; x_wconf 80' lang='grc' dir='ltr'><strong><em>συζυγοῦς</em></strong></span> <span class='ocrx_word' id='word_1_30' title='bbox 482 538 675 627; x_wconf 75' lang='grc' dir='ltr'><strong><em>διαμέτρου,</em></strong></span> <span class='ocrx_word' id='word_1_31' title='bbox 704 541 748 616; x_wconf 87' lang='grc' dir='ltr'><strong><em>ώς</em></strong></span> <span class='ocrx_word' id='word_1_32' title='bbox 771 536 808 604; x_wconf 69' lang='grc' dir='ltr'><strong><em>δέ</em></strong></span> <span class='ocrx_word' id='word_1_33' title='bbox 830 543 868 604; x_wconf 91' lang='grc' dir='ltr'><strong><em>τὸ</em></strong></span> <span class='ocrx_word' id='word_1_34' title='bbox 891 539 955 605; x_wconf 84' lang='grc' dir='ltr'><strong><em>ἀπὸ</em></strong></span> <span class='ocrx_word' id='word_1_35' title='bbox 980 548 1039 623; x_wconf 79' lang='grc' dir='ltr'><strong><em>τῆς</em></strong></span> <span class='ocrx_word' id='word_1_36' title='bbox 1062 544 1140 604; x_wconf 86' lang='grc' dir='ltr'><strong><em>ΜΛ</em></strong></span> 
     </span>
     <span class='ocr_line' id='line_1_6' title="bbox 120 645 1139 736; baseline -0.003 -22"><span class='ocrx_word' id='word_1_37' title='bbox 120 651 204 736; x_wconf 87' lang='grc' dir='ltr'><strong><em>πρὸς</em></strong></span> <span class='ocrx_word' id='word_1_38' title='bbox 230 650 267 713; x_wconf 91' lang='grc' dir='ltr'><strong><em>τὸ</em></strong></span> <span class='ocrx_word' id='word_1_39' title='bbox 294 648 359 713; x_wconf 84' lang='grc' dir='ltr'><strong><em>ὑπὸ</em></strong></span> <span class='ocrx_word' id='word_1_40' title='bbox 387 657 454 711; x_wconf 87' lang='grc' dir='ltr'><strong><em>τών</em></strong></span> <span class='ocrx_word' id='word_1_41' title='bbox 480 650 561 730; x_wconf 90' lang='grc' dir='ltr'><strong><em>ΒΛ,</em></strong></span> <span class='ocrx_word' id='word_1_42' title='bbox 585 650 667 729; x_wconf 89' lang='grc' dir='ltr'><strong><em>ΛΚ,</em></strong></span> <span class='ocrx_word' id='word_1_43' title='bbox 695 646 801 722; x_wconf 76' lang='grc' dir='ltr'><strong><em>οὕτως</em></strong></span> <span class='ocrx_word' id='word_1_44' title='bbox 827 648 865 711; x_wconf 88' lang='grc' dir='ltr'><strong><em>τὸ</em></strong></span> <span class='ocrx_word' id='word_1_45' title='bbox 893 645 956 712; x_wconf 82' lang='grc' dir='ltr'><strong><em>ἀπὸ</em></strong></span> <span class='ocrx_word' id='word_1_46' title='bbox 985 655 1044 729; x_wconf 82' lang='grc' dir='ltr'><strong><em>τῆς</em></strong></span> <span class='ocrx_word' id='word_1_47' title='bbox 1067 648 1139 711; x_wconf 91' lang='grc' dir='ltr'><strong><em>δια-</em></strong></span> 
     </span>
    </p>

    <p class='ocr_par' dir='ltr' id='par_1_4' title="bbox 87 752 1139 1266">
     <span class='ocr_line' id='line_1_7' title="bbox 87 752 1139 841; baseline 0.001 -24"><span class='ocrx_word' id='word_1_48' title='bbox 87 754 243 841; x_wconf 83' lang='grc' dir='ltr'><strong><em>σμέτρου</em></strong></span> <span class='ocrx_word' id='word_1_49' title='bbox 275 763 332 837; x_wconf 79' lang='grc' dir='ltr'><strong><em>τῆς</em></strong></span> <span class='ocrx_word' id='word_1_50' title='bbox 363 762 423 818; x_wconf 86' lang='grc' dir='ltr'><strong><em>τοῦ</em></strong></span> <span class='ocrx_word' id='word_1_51' title='bbox 455 754 565 818; x_wconf 82' lang='grc' dir='ltr'><strong><em>κώνου</em></strong></span> <span class='ocrx_word' id='word_1_52' title='bbox 599 753 772 831; x_wconf 77' lang='grc' dir='ltr'><strong><em>ἐλλείψεως</em></strong></span> <span class='ocrx_word' id='word_1_53' title='bbox 803 753 886 839; x_wconf 88' lang='grc' dir='ltr'><strong><em>πρὸς</em></strong></span> <span class='ocrx_word' id='word_1_54' title='bbox 918 754 955 817; x_wconf 90' lang='grc' dir='ltr'><strong><em>τὸ</em></strong></span> <span class='ocrx_word' id='word_1_55' title='bbox 987 752 1053 818; x_wconf 84' lang='grc' dir='ltr'><strong><em>ἀπὸ</em></strong></span> <span class='ocrx_word' id='word_1_56' title='bbox 1081 762 1139 837; x_wconf 77' lang='grc' dir='ltr'><strong><em>τῆς</em></strong></span> 
     </span>
     <span class='ocr_line' id='line_1_8' title="bbox 123 857 1138 947; baseline -0.003 -20"><span class='ocrx_word' id='word_1_57' title='bbox 123 865 285 944; x_wconf 81' lang='grc' dir='ltr'><strong><em>συζυγοῦς</em></strong></span> <span class='ocrx_word' id='word_1_58' title='bbox 304 858 491 946; x_wconf 74' lang='grc' dir='ltr'><strong><em>διαμέτρου.</em></strong></span> <span class='ocrx_word' id='word_1_59' title='bbox 523 857 578 924; x_wconf 83' lang='grc' dir='ltr'><strong><em>καὶ</em></strong></span> <span class='ocrx_word' id='word_1_60' title='bbox 597 860 642 936; x_wconf 84' lang='grc' dir='ltr'><strong><em>ὡς</em></strong></span> <span class='ocrx_word' id='word_1_61' title='bbox 660 861 724 941; x_wconf 77' lang='grc' dir='ltr'><strong><em>ἄρα</em></strong></span> <span class='ocrx_word' id='word_1_62' title='bbox 742 860 779 925; x_wconf 91' lang='grc' dir='ltr'><strong><em>τὸ</em></strong></span> <span class='ocrx_word' id='word_1_63' title='bbox 799 858 862 925; x_wconf 82' lang='grc' dir='ltr'><strong><em>ἀπὸ</em></strong></span> <span class='ocrx_word' id='word_1_64' title='bbox 881 868 939 943; x_wconf 79' lang='grc' dir='ltr'><strong><em>τῆς</em></strong></span> <span class='ocrx_word' id='word_1_65' title='bbox 957 857 1138 947; x_wconf 85' lang='grc' dir='ltr'><strong><em>διαμέτρου</em></strong></span> 
     </span>
     <span class='ocr_line' id='line_1_9' title="bbox 122 964 1138 1053; baseline -0.002 -20"><span class='ocrx_word' id='word_1_66' title='bbox 122 977 180 1052; x_wconf 82' lang='grc' dir='ltr'><strong><em>τῆς</em></strong></span> <span class='ocrx_word' id='word_1_67' title='bbox 207 977 267 1032; x_wconf 87' lang='grc' dir='ltr'><strong><em>τοῦ</em></strong></span> <span class='ocrx_word' id='word_1_68' title='bbox 295 968 477 1053; x_wconf 81' lang='grc' dir='ltr'><strong><em>κυλίνδρου</em></strong></span> <span class='ocrx_word' id='word_1_69' title='bbox 506 965 680 1044; x_wconf 77' lang='grc' dir='ltr'><strong><em>ἐλλείψεως</em></strong></span> <span class='ocrx_word' id='word_1_70' title='bbox 706 967 789 1052; x_wconf 88' lang='grc' dir='ltr'><strong><em>πρὸς</em></strong></span> <span class='ocrx_word' id='word_1_71' title='bbox 811 967 848 1030; x_wconf 89' lang='grc' dir='ltr'><strong><em>τὸ</em></strong></span> <span class='ocrx_word' id='word_1_72' title='bbox 873 964 936 1030; x_wconf 83' lang='grc' dir='ltr'><strong><em>ἀπὸ</em></strong></span> <span class='ocrx_word' id='word_1_73' title='bbox 959 974 1017 1049; x_wconf 79' lang='grc' dir='ltr'><strong><em>τῆς</em></strong></span> <span class='ocrx_word' id='word_1_74' title='bbox 1042 970 1102 1046; x_wconf 81' lang='grc' dir='ltr'><strong><em>συζ</em></strong></span> <span class='ocrx_word' id='word_1_75' title='bbox 1124 1007 1138 1015; x_wconf 96' lang='grc'><strong>-</strong></span> 
     </span>
     <span class='ocr_line' id='line_1_10' title="bbox 123 1070 1138 1160; baseline -0.003 -20"><span class='ocrx_word' id='word_1_76' title='bbox 123 1084 203 1159; x_wconf 82' lang='grc' dir='ltr'><strong><em>γοῦς</em></strong></span> <span class='ocrx_word' id='word_1_77' title='bbox 227 1072 415 1160; x_wconf 81' lang='grc' dir='ltr'><strong><em>διαμέτρου,</em></strong></span> <span class='ocrx_word' id='word_1_78' title='bbox 439 1073 544 1149; x_wconf 78' lang='grc' dir='ltr'><strong><em>οὕτως</em></strong></span> <span class='ocrx_word' id='word_1_79' title='bbox 567 1073 604 1136; x_wconf 86' lang='grc' dir='ltr'><strong><em>τὸ</em></strong></span> <span class='ocrx_word' id='word_1_80' title='bbox 628 1070 692 1137; x_wconf 82' lang='grc' dir='ltr'><strong><em>ἀπὸ</em></strong></span> <span class='ocrx_word' id='word_1_81' title='bbox 715 1081 773 1155; x_wconf 80' lang='grc' dir='ltr'><strong><em>τῆς</em></strong></span> <span class='ocrx_word' id='word_1_82' title='bbox 796 1071 973 1159; x_wconf 88' lang='grc' dir='ltr'><strong><em>διαμέτρου</em></strong></span> <span class='ocrx_word' id='word_1_83' title='bbox 997 1081 1057 1156; x_wconf 77' lang='grc' dir='ltr'><strong><em>τῆς</em></strong></span> <span class='ocrx_word' id='word_1_84' title='bbox 1079 1081 1138 1137; x_wconf 85' lang='grc' dir='ltr'><strong><em>τοῦ</em></strong></span> 
     </span>
     <span class='ocr_line' id='line_1_11' title="bbox 123 1177 1138 1266; baseline -0.002 -20"><span class='ocrx_word' id='word_1_85' title='bbox 123 1183 234 1246; x_wconf 84' lang='grc' dir='ltr'><strong><em>κώνου</em></strong></span> <span class='ocrx_word' id='word_1_86' title='bbox 258 1180 432 1258; x_wconf 77' lang='grc' dir='ltr'><strong><em>ἐλλείψεως</em></strong></span> <span class='ocrx_word' id='word_1_87' title='bbox 453 1180 536 1265; x_wconf 87' lang='grc' dir='ltr'><strong><em>πρὸς</em></strong></span> <span class='ocrx_word' id='word_1_88' title='bbox 554 1180 591 1243; x_wconf 90' lang='grc' dir='ltr'><strong><em>τὸ</em></strong></span> <span class='ocrx_word' id='word_1_89' title='bbox 611 1177 674 1243; x_wconf 77' lang='grc' dir='ltr'><strong><em>ἀπὸ</em></strong></span> <span class='ocrx_word' id='word_1_90' title='bbox 693 1187 751 1262; x_wconf 80' lang='grc' dir='ltr'><strong><em>τῆς</em></strong></span> <span class='ocrx_word' id='word_1_91' title='bbox 769 1183 931 1262; x_wconf 79' lang='grc' dir='ltr'><strong><em>συζυγοῦς</em></strong></span> <span class='ocrx_word' id='word_1_92' title='bbox 949 1178 1138 1266; x_wconf 87' lang='grc' dir='ltr'><strong><em>διαμέτρου.</em></strong></span> 
     </span>
    </p>

    <p class='ocr_par' dir='ltr' id='par_1_5' title="bbox 71 1283 1142 1800">
     <span class='ocr_line' id='line_1_12' title="bbox 71 1283 1138 1373; baseline -0.001 -21"><span class='ocrx_word' id='word_1_93' title='bbox 71 1301 105 1352; x_wconf 87' lang='grc'><strong><em>10</em></strong></span> <span class='ocrx_word' id='word_1_94' title='bbox 124 1286 179 1353; x_wconf 83' lang='grc' dir='ltr'><strong><em>καὶ</em></strong></span> <span class='ocrx_word' id='word_1_95' title='bbox 202 1288 247 1362; x_wconf 84' lang='grc' dir='ltr'><strong><em>ὡς</em></strong></span> <span class='ocrx_word' id='word_1_96' title='bbox 270 1289 334 1373; x_wconf 78' lang='grc' dir='ltr'><strong><em>ἄρα</em></strong></span> <span class='ocrx_word' id='word_1_97' title='bbox 357 1287 378 1370; x_wconf 84' lang='grc' dir='ltr'><em>ἡ</em></span> <span class='ocrx_word' id='word_1_98' title='bbox 402 1286 576 1372; x_wconf 81' lang='grc' dir='ltr'><strong><em>διάμετρος</em></strong></span> <span class='ocrx_word' id='word_1_99' title='bbox 599 1294 656 1369; x_wconf 80' lang='grc' dir='ltr'><strong><em>τῆς</em></strong></span> <span class='ocrx_word' id='word_1_100' title='bbox 679 1283 853 1363; x_wconf 77' lang='grc' dir='ltr'><strong><em>ἐλλείψεως</em></strong></span> <span class='ocrx_word' id='word_1_101' title='bbox 875 1293 935 1350; x_wconf 83' lang='grc' dir='ltr'><strong><em>τοῦ</em></strong></span> <span class='ocrx_word' id='word_1_102' title='bbox 954 1288 1138 1373; x_wconf 80' lang='grc' dir='ltr'><strong><em>κυλίνδρου</em></strong></span> 
     </span>
     <span class='ocr_line' id='line_1_13' title="bbox 123 1391 1139 1482; baseline -0.003 -22"><span class='ocrx_word' id='word_1_103' title='bbox 123 1397 206 1482; x_wconf 91' lang='grc' dir='ltr'><strong><em>πρὸς</em></strong></span> <span class='ocrx_word' id='word_1_104' title='bbox 232 1395 294 1478; x_wconf 76' lang='grc' dir='ltr'><strong><em>τὴν</em></strong></span> <span class='ocrx_word' id='word_1_105' title='bbox 324 1397 448 1476; x_wconf 78' lang='grc' dir='ltr'><strong><em>συζυγῆ</em></strong></span> <span class='ocrx_word' id='word_1_106' title='bbox 477 1393 667 1478; x_wconf 79' lang='grc' dir='ltr'><strong><em>διάμετρον,</em></strong></span> <span class='ocrx_word' id='word_1_107' title='bbox 697 1391 802 1466; x_wconf 79' lang='grc' dir='ltr'><strong><em>οὕτως</em></strong></span> <span class='ocrx_word' id='word_1_108' title='bbox 829 1391 849 1474; x_wconf 80' lang='grc' dir='ltr'><em>ἡ</em></span> <span class='ocrx_word' id='word_1_109' title='bbox 878 1392 1055 1479; x_wconf 88' lang='grc' dir='ltr'><strong><em>διοίμετρος</em></strong></span> <span class='ocrx_word' id='word_1_110' title='bbox 1082 1402 1139 1475; x_wconf 77' lang='grc' dir='ltr'><strong><em>τῆς</em></strong></span> 
     </span>
     <span class='ocr_line' id='line_1_14' title="bbox 124 1498 1142 1586; baseline 0 -21"><span class='ocrx_word' id='word_1_111' title='bbox 124 1510 184 1565; x_wconf 86' lang='grc' dir='ltr'><strong><em>τοῦ</em></strong></span> <span class='ocrx_word' id='word_1_112' title='bbox 207 1501 317 1565; x_wconf 84' lang='grc' dir='ltr'><strong><em>κώνου</em></strong></span> <span class='ocrx_word' id='word_1_113' title='bbox 341 1500 515 1577; x_wconf 77' lang='grc' dir='ltr'><strong><em>ἐλλείψεως</em></strong></span> <span class='ocrx_word' id='word_1_114' title='bbox 537 1499 620 1584; x_wconf 91' lang='grc' dir='ltr'><strong><em>πρὸς</em></strong></span> <span class='ocrx_word' id='word_1_115' title='bbox 637 1498 699 1581; x_wconf 77' lang='grc' dir='ltr'><strong><em>τὴν</em></strong></span> <span class='ocrx_word' id='word_1_116' title='bbox 717 1501 841 1582; x_wconf 78' lang='grc' dir='ltr'><strong><em>συζυγῆ</em></strong></span> <span class='ocrx_word' id='word_1_117' title='bbox 860 1499 1048 1586; x_wconf 81' lang='grc' dir='ltr'><strong><em>διάμετρον.</em></strong></span> <span class='ocrx_word' id='word_1_118' title='bbox 1084 1503 1142 1565; x_wconf 93' lang='grc' dir='ltr'><strong><em>καί</em></strong></span> 
     </span>
     <span class='ocr_line' id='line_1_15' title="bbox 124 1604 1140 1692; baseline -0.001 -20"><span class='ocrx_word' id='word_1_119' title='bbox 124 1610 209 1673; x_wconf 82' lang='grc' dir='ltr'><strong><em>εἰσιν</em></strong></span> <span class='ocrx_word' id='word_1_120' title='bbox 241 1608 278 1671; x_wconf 88' lang='grc' dir='ltr'><strong><em>αί</em></strong></span> <span class='ocrx_word' id='word_1_121' title='bbox 308 1607 459 1692; x_wconf 87' lang='grc' dir='ltr'><strong><em>δεύτεραι</em></strong></span> <span class='ocrx_word' id='word_1_122' title='bbox 492 1604 661 1690; x_wconf 81' lang='grc' dir='ltr'><strong><em>διάμετροι</em></strong></span> <span class='ocrx_word' id='word_1_123' title='bbox 692 1605 776 1690; x_wconf 87' lang='grc' dir='ltr'><strong><em>πρὸς</em></strong></span> <span class='ocrx_word' id='word_1_124' title='bbox 808 1610 880 1682; x_wconf 89' lang='grc' dir='ltr'><strong><em>ίσας</em></strong></span> <span class='ocrx_word' id='word_1_125' title='bbox 912 1609 1036 1689; x_wconf 83' lang='grc' dir='ltr'><strong><em>γωνίας</em></strong></span> <span class='ocrx_word' id='word_1_126' title='bbox 1068 1618 1140 1682; x_wconf 83' lang='grc' dir='ltr'><strong><em>ταῖς</em></strong></span> 
     </span>
     <span class='ocr_line' id='line_1_16' title="bbox 125 1711 1140 1800; baseline 0 -21"><span class='ocrx_word' id='word_1_127' title='bbox 125 1712 324 1800; x_wconf 85' lang='grc' dir='ltr'><strong><em>διαμέτροις·</em></strong></span> <span class='ocrx_word' id='word_1_128' title='bbox 353 1712 536 1798; x_wconf 77' lang='grc' dir='ltr'><strong><em>ἀμφότεραι</em></strong></span> <span class='ocrx_word' id='word_1_129' title='bbox 559 1711 622 1797; x_wconf 79' lang='grc' dir='ltr'><strong><em>γὰρ</em></strong></span> <span class='ocrx_word' id='word_1_130' title='bbox 646 1711 854 1797; x_wconf 79' lang='grc' dir='ltr'><strong><em>παράλληλοί</em></strong></span> <span class='ocrx_word' id='word_1_131' title='bbox 874 1713 938 1777; x_wconf 90' lang='grc' dir='ltr'><strong><em>είσι</em></strong></span> <span class='ocrx_word' id='word_1_132' title='bbox 961 1724 1034 1790; x_wconf 80' lang='grc' dir='ltr'><strong><em>ταῖς</em></strong></span> <span class='ocrx_word' id='word_1_133' title='bbox 1057 1715 1140 1800; x_wconf 88' lang='grc' dir='ltr'><strong><em>πρὸς</em></strong></span> 
     </span>
    </p>

    <p class='ocr_par' dir='ltr' id='par_1_6' title="bbox 72 1815 1140 2333">
     <span class='ocr_line' id='line_1_17' title="bbox 72 1815 1139 1909; baseline 0.004 -27"><span class='ocrx_word' id='word_1_134' title='bbox 72 1833 105 1882; x_wconf 82' lang='lat'><strong><em>15</em></strong></span> <span class='ocrx_word' id='word_1_135' title='bbox 125 1823 232 1909; x_wconf 79' lang='grc' dir='ltr'><strong><em>ὀρθὰς</em></strong></span> <span class='ocrx_word' id='word_1_136' title='bbox 255 1829 294 1905; x_wconf 74' lang='grc' dir='ltr'><strong><em>τῇ</em></strong></span> <span class='ocrx_word' id='word_1_137' title='bbox 316 1823 391 1883; x_wconf 90' lang='grc' dir='ltr'><strong><em>ΒΗ</em></strong></span> <span class='ocrx_word' id='word_1_138' title='bbox 409 1828 448 1904; x_wconf 77' lang='grc' dir='ltr'><strong><em>τῇ</em></strong></span> <span class='ocrx_word' id='word_1_139' title='bbox 473 1823 535 1882; x_wconf 91' lang='lat' dir='ltr'><strong><em>ZO</em></strong></span> <span class='ocrx_word' id='word_1_140' title='bbox 558 1815 614 1882; x_wconf 83' lang='grc' dir='ltr'><strong><em>καὶ</em></strong></span> <span class='ocrx_word' id='word_1_141' title='bbox 636 1827 676 1903; x_wconf 75' lang='grc' dir='ltr'><strong><em>τῇ</em></strong></span> <span class='ocrx_word' id='word_1_142' title='bbox 698 1821 778 1883; x_wconf 89' lang='grc' dir='ltr'><strong><em>ΛΠ.</em></strong></span> <span class='ocrx_word' id='word_1_143' title='bbox 813 1817 921 1905; x_wconf 80' lang='grc' dir='ltr'><strong><em>ἡώρα</em></strong></span> <span class='ocrx_word' id='word_1_144' title='bbox 944 1828 1004 1884; x_wconf 85' lang='grc' dir='ltr'><strong><em>τοῦ</em></strong></span> <span class='ocrx_word' id='word_1_145' title='bbox 1028 1821 1139 1886; x_wconf 93' lang='grc' dir='ltr'><strong><em>κώνου</em></strong></span> 
     </span>
     <span class='ocr_line' id='line_1_18' title="bbox 124 1922 1140 2011; baseline -0.003 -16"><span class='ocrx_word' id='word_1_146' title='bbox 124 1933 268 2006; x_wconf 77' lang='grc' dir='ltr'><strong><em>ἔλλειψις</em></strong></span> <span class='ocrx_word' id='word_1_147' title='bbox 300 1926 397 2011; x_wconf 88' lang='grc' dir='ltr'><strong><em>ὁμοία</em></strong></span> <span class='ocrx_word' id='word_1_148' title='bbox 429 1922 497 1990; x_wconf 84' lang='grc' dir='ltr'><strong><em>ἐστὶ</em></strong></span> <span class='ocrx_word' id='word_1_149' title='bbox 529 1932 568 2009; x_wconf 73' lang='grc' dir='ltr'><strong><em>τῇ</em></strong></span> <span class='ocrx_word' id='word_1_150' title='bbox 595 1932 656 1988; x_wconf 83' lang='grc' dir='ltr'><strong><em>τοῦ</em></strong></span> <span class='ocrx_word' id='word_1_151' title='bbox 683 1926 866 2011; x_wconf 90' lang='grc' dir='ltr'><strong><em>κυλίνδρου</em></strong></span> <span class='ocrx_word' id='word_1_152' title='bbox 894 1925 1053 2011; x_wconf 77' lang='grc' dir='ltr'><strong><em>ἐλλείψει,</em></strong></span> <span class='ocrx_word' id='word_1_153' title='bbox 1085 1925 1140 1992; x_wconf 86' lang='grc' dir='ltr'><strong><em>καλ</em></strong></span> 
     </span>
     <span class='ocr_line' id='line_1_19' title="bbox 124 2028 1140 2119; baseline -0.001 -19"><span class='ocrx_word' id='word_1_154' title='bbox 124 2034 261 2119; x_wconf 79' lang='grc' dir='ltr'><strong><em>γέγονεν</em></strong></span> <span class='ocrx_word' id='word_1_155' title='bbox 282 2033 347 2099; x_wconf 84' lang='grc' dir='ltr'><strong><em>ὑπὸ</em></strong></span> <span class='ocrx_word' id='word_1_156' title='bbox 371 2040 431 2096; x_wconf 85' lang='grc' dir='ltr'><strong><em>τοῦ</em></strong></span> <span class='ocrx_word' id='word_1_157' title='bbox 450 2030 554 2095; x_wconf 84' lang='grc' dir='ltr'><strong><em>αὐτοῦ</em></strong></span> <span class='ocrx_word' id='word_1_158' title='bbox 574 2028 742 2114; x_wconf 79' lang='grc' dir='ltr'><strong><em>ἐπιπέδου,</em></strong></span> <span class='ocrx_word' id='word_1_159' title='bbox 760 2029 816 2095; x_wconf 80' lang='grc' dir='ltr'><strong><em>καὶ</em></strong></span> <span class='ocrx_word' id='word_1_160' title='bbox 834 2030 975 2116; x_wconf 83' lang='grc' dir='ltr'><strong><em>συνέστη</em></strong></span> <span class='ocrx_word' id='word_1_161' title='bbox 995 2033 1013 2098; x_wconf 88' lang='grc' dir='ltr'>ὁ</span> <span class='ocrx_word' id='word_1_162' title='bbox 1033 2045 1140 2111; x_wconf 81' lang='grc' dir='ltr'><strong><em>κῶνος</em></strong></span> 
     </span>
     <span class='ocr_line' id='line_1_20' title="bbox 125 2135 1139 2226; baseline -0.001 -19"><span class='ocrx_word' id='word_1_163' title='bbox 125 2139 178 2207; x_wconf 77' lang='grc' dir='ltr'><strong><em>ἐπὶ</em></strong></span> <span class='ocrx_word' id='word_1_164' title='bbox 204 2151 262 2226; x_wconf 76' lang='grc' dir='ltr'><strong><em>τῆς</em></strong></span> <span class='ocrx_word' id='word_1_165' title='bbox 288 2140 390 2223; x_wconf 79' lang='grc' dir='ltr'><strong><em>αὐτῆς</em></strong></span> <span class='ocrx_word' id='word_1_166' title='bbox 416 2137 543 2222; x_wconf 81' lang='grc' dir='ltr'><strong><em>βάσεως</em></strong></span> <span class='ocrx_word' id='word_1_167' title='bbox 569 2147 615 2224; x_wconf 78' lang='grc' dir='ltr'><strong><em>τῷ</em></strong></span> <span class='ocrx_word' id='word_1_168' title='bbox 637 2138 805 2225; x_wconf 78' lang='grc' dir='ltr'><strong><em>κυλίνδρῳ</em></strong></span> <span class='ocrx_word' id='word_1_169' title='bbox 828 2135 884 2202; x_wconf 83' lang='grc' dir='ltr'><strong><em>καὶ</em></strong></span> <span class='ocrx_word' id='word_1_170' title='bbox 906 2137 972 2203; x_wconf 83' lang='grc' dir='ltr'><strong><em>ὑπὸ</em></strong></span> <span class='ocrx_word' id='word_1_171' title='bbox 995 2141 1034 2206; x_wconf 88' lang='grc' dir='ltr'><strong><em>τὸ</em></strong></span> <span class='ocrx_word' id='word_1_172' title='bbox 1059 2141 1139 2206; x_wconf 88' lang='grc' dir='ltr'><strong><em>αὐτὸ</em></strong></span> 
     </span>
     <span class='ocr_line' id='line_1_21' title="bbox 125 2240 707 2333; baseline -0.01 -19"><span class='ocrx_word' id='word_1_173' title='bbox 125 2249 223 2327; x_wconf 76' lang='grc' dir='ltr'><strong><em>ὕψος·</em></strong></span> <span class='ocrx_word' id='word_1_174' title='bbox 247 2249 328 2333; x_wconf 81' lang='grc' dir='ltr'><strong><em>ἅπερ</em></strong></span> <span class='ocrx_word' id='word_1_175' title='bbox 352 2240 394 2330; x_wconf 80' lang='grc' dir='ltr'><strong><em>ἦν</em></strong></span> <span class='ocrx_word' id='word_1_176' title='bbox 416 2245 457 2309; x_wconf 79' lang='grc' dir='ltr'><strong><em>τὰ</em></strong></span> <span class='ocrx_word' id='word_1_177' title='bbox 480 2241 707 2327; x_wconf 82' lang='grc' dir='ltr'><strong><em>έπιταχθέντα.</em></strong></span> 
     </span>
    </p>
   </div>
   <div class='ocr_carea' id='block_1_4' title="bbox 72 2437 1141 3398">
    <p class='ocr_par' dir='ltr' id='par_1_7' title="bbox 72 2437 661 2518">
     <span class='ocr_line' id='line_1_22' title="bbox 72 2437 661 2518; baseline -0.003 -13"><span class='ocrx_word' id='word_1_178' title='bbox 72 2455 107 2505; x_wconf 77' lang='lat'><strong><em>20</em></strong></span> <span class='ocrx_word' id='word_1_179' title='bbox 603 2437 661 2518; x_wconf 80' lang='grc' dir='ltr'><strong><em>κζ’.</em></strong></span> 
     </span>
    </p>

    <p class='ocr_par' dir='ltr' id='par_1_8' title="bbox 127 2561 1141 2969">
     <span class='ocr_line' id='line_1_23' title="bbox 198 2561 1141 2649; baseline 0.003 -18"><span class='ocrx_word' id='word_1_180' title='bbox 198 2567 264 2631; x_wconf 77' lang='grc' dir='ltr'><strong><em>Τον</em></strong></span> <span class='ocrx_word' id='word_1_181' title='bbox 278 2563 423 2630; x_wconf 77' lang='grc' dir='ltr'><strong><em>δοθέντα</em></strong></span> <span class='ocrx_word' id='word_1_182' title='bbox 440 2564 622 2649; x_wconf 86' lang='grc' dir='ltr'><strong><em>κύλινδρον</em></strong></span> <span class='ocrx_word' id='word_1_183' title='bbox 640 2561 661 2646; x_wconf 72' lang='grc' dir='ltr'><em>ἢ</em></span> <span class='ocrx_word' id='word_1_184' title='bbox 679 2572 789 2627; x_wconf 84' lang='grc' dir='ltr'><strong><em>κῶνον</em></strong></span> <span class='ocrx_word' id='word_1_185' title='bbox 808 2565 975 2648; x_wconf 81' lang='grc' dir='ltr'><strong><em>σκαληνὸν</em></strong></span> <span class='ocrx_word' id='word_1_186' title='bbox 994 2567 1141 2634; x_wconf 88' lang='grc' dir='ltr'><strong><em>δυνατόν</em></strong></span> 
     </span>
     <span class='ocr_line' id='line_1_24' title="bbox 127 2668 1141 2756; baseline 0.004 -19"><span class='ocrx_word' id='word_1_187' title='bbox 127 2671 217 2737; x_wconf 78' lang='grc' dir='ltr'><strong><em>ἐστιν</em></strong></span> <span class='ocrx_word' id='word_1_188' title='bbox 244 2671 308 2737; x_wconf 83' lang='grc' dir='ltr'><strong><em>ἀπὸ</em></strong></span> <span class='ocrx_word' id='word_1_189' title='bbox 336 2679 395 2735; x_wconf 86' lang='grc' dir='ltr'><strong><em>τοῦ</em></strong></span> <span class='ocrx_word' id='word_1_190' title='bbox 424 2669 536 2756; x_wconf 84' lang='grc' dir='ltr'><strong><em>ἑτέρου</em></strong></span> <span class='ocrx_word' id='word_1_191' title='bbox 559 2668 680 2756; x_wconf 89' lang='grc' dir='ltr'><strong><em>μέρους</em></strong></span> <span class='ocrx_word' id='word_1_192' title='bbox 703 2668 886 2753; x_wconf 80' lang='grc' dir='ltr'><strong><em>ἀπειραχῶς</em></strong></span> <span class='ocrx_word' id='word_1_193' title='bbox 908 2683 1019 2755; x_wconf 82' lang='grc' dir='ltr'><strong><em>τεμεῖν</em></strong></span> <span class='ocrx_word' id='word_1_194' title='bbox 1043 2674 1141 2741; x_wconf 83' lang='grc' dir='ltr'><strong><em>δυσίν</em></strong></span> 
     </span>
     <span class='ocr_line' id='line_1_25' title="bbox 128 2772 1139 2863; baseline 0.006 -22"><span class='ocrx_word' id='word_1_195' title='bbox 128 2776 293 2853; x_wconf 77' lang='grc' dir='ltr'><strong><em>ἐπιπέδοις</em></strong></span> <span class='ocrx_word' id='word_1_196' title='bbox 325 2778 367 2862; x_wconf 77' lang='grc' dir='ltr'><strong><em>μὴ</em></strong></span> <span class='ocrx_word' id='word_1_197' title='bbox 400 2779 617 2863; x_wconf 78' lang='grc' dir='ltr'><strong><em>παραλλήλως</em></strong></span> <span class='ocrx_word' id='word_1_198' title='bbox 648 2772 710 2860; x_wconf 72' lang='grc' dir='ltr'><strong><em>μὲν</em></strong></span> <span class='ocrx_word' id='word_1_199' title='bbox 736 2775 907 2861; x_wconf 85' lang='grc' dir='ltr'><strong><em>κειμένοις,</em></strong></span> <span class='ocrx_word' id='word_1_200' title='bbox 939 2789 1077 2847; x_wconf 87' lang='grc' dir='ltr'><strong><em>ποιοῦσι</em></strong></span> <span class='ocrx_word' id='word_1_201' title='bbox 1106 2779 1139 2847; x_wconf 79' lang='grc' dir='ltr'><strong><em>δδ</em></strong></span> 
     </span>
     <span class='ocr_line' id='line_1_26' title="bbox 127 2883 433 2969; baseline -0.01 -19"><span class='ocrx_word' id='word_1_202' title='bbox 127 2884 242 2969; x_wconf 77' lang='grc' dir='ltr'><strong><em>ὁμοίας</em></strong></span> <span class='ocrx_word' id='word_1_203' title='bbox 266 2883 433 2961; x_wconf 78' lang='grc' dir='ltr'><strong><em>ἐλλείψεις.</em></strong></span> 
     </span>
    </p>

    <p class='ocr_par' dir='ltr' id='par_1_9' title="bbox 74 2988 1141 3398">
     <span class='ocr_line' id='line_1_27' title="bbox 74 2988 1141 3076; baseline 0.007 -23"><span class='ocrx_word' id='word_1_204' title='bbox 74 3005 108 3054; x_wconf 79' lang='lat'><strong><em>25</em></strong></span> <span class='ocrx_word' id='word_1_205' title='bbox 196 2994 278 3056; x_wconf 81' lang='grc' dir='ltr'><strong><em>ἔστω</em></strong></span> <span class='ocrx_word' id='word_1_206' title='bbox 301 3000 434 3076; x_wconf 84' lang='grc' dir='ltr'><strong><em>πρῶτον</em></strong></span> <span class='ocrx_word' id='word_1_207' title='bbox 457 2989 475 3054; x_wconf 87' lang='grc' dir='ltr'>ὁ</span> <span class='ocrx_word' id='word_1_208' title='bbox 499 2988 613 3066; x_wconf 77' lang='grc' dir='ltr'><strong><em>δοθεὶς</em></strong></span> <span class='ocrx_word' id='word_1_209' title='bbox 635 2991 813 3076; x_wconf 84' lang='grc' dir='ltr'><strong><em>κύλινδρος</em></strong></span> <span class='ocrx_word' id='word_1_210' title='bbox 837 2994 1015 3076; x_wconf 81' lang='grc' dir='ltr'><strong><em>σκαληνός,</em></strong></span> <span class='ocrx_word' id='word_1_211' title='bbox 1040 2990 1082 3060; x_wconf 87' lang='grc' dir='ltr'><strong><em>οὗ</em></strong></span> <span class='ocrx_word' id='word_1_212' title='bbox 1104 2995 1141 3059; x_wconf 81' lang='grc' dir='ltr'><strong><em>τὸ</em></strong></span> 
     </span>
     <span class='ocr_line' id='line_1_28' title="bbox 128 3095 1140 3187; baseline 0.002 -23"><span class='ocrx_word' id='word_1_213' title='bbox 128 3100 184 3164; x_wconf 79' lang='grc' dir='ltr'><strong><em>διὰ</em></strong></span> <span class='ocrx_word' id='word_1_214' title='bbox 206 3106 266 3163; x_wconf 84' lang='grc' dir='ltr'><strong><em>τοῦ</em></strong></span> <span class='ocrx_word' id='word_1_215' title='bbox 290 3095 406 3174; x_wconf 77' lang='grc' dir='ltr'><strong><em>ἄξονος</em></strong></span> <span class='ocrx_word' id='word_1_216' title='bbox 427 3099 771 3183; x_wconf 82' lang='grc' dir='ltr'><strong><em>παραλληλόγραμμον</em></strong></span> <span class='ocrx_word' id='word_1_217' title='bbox 791 3098 828 3161; x_wconf 91' lang='grc' dir='ltr'><strong><em>τὸ</em></strong></span> <span class='ocrx_word' id='word_1_218' title='bbox 847 3102 913 3162; x_wconf 89' lang='grc' dir='ltr'><strong><em>ΑΒ</em></strong></span> <span class='ocrx_word' id='word_1_219' title='bbox 931 3100 1017 3185; x_wconf 87' lang='grc' dir='ltr'><strong><em>πρὸς</em></strong></span> <span class='ocrx_word' id='word_1_220' title='bbox 1035 3100 1140 3187; x_wconf 79' lang='grc' dir='ltr'><strong><em>ὀρθὰς</em></strong></span> 
     </span>
     <span class='ocr_line' id='line_1_29' title="bbox 128 3201 1139 3296; baseline 0.002 -25"><span class='ocrx_word' id='word_1_221' title='bbox 128 3206 168 3271; x_wconf 87' lang='grc' dir='ltr'><strong><em>δν</em></strong></span> <span class='ocrx_word' id='word_1_222' title='bbox 190 3215 230 3291; x_wconf 78' lang='grc' dir='ltr'><strong><em>τῇ</em></strong></span> <span class='ocrx_word' id='word_1_223' title='bbox 253 3205 347 3289; x_wconf 79' lang='grc' dir='ltr'><strong><em>βάσει</em></strong></span> <span class='ocrx_word' id='word_1_224' title='bbox 370 3211 429 3268; x_wconf 85' lang='grc' dir='ltr'><strong><em>τοῦ</em></strong></span> <span class='ocrx_word' id='word_1_225' title='bbox 452 3204 645 3290; x_wconf 91' lang='grc' dir='ltr'><strong><em>κυλίνδρου,</em></strong></span> <span class='ocrx_word' id='word_1_226' title='bbox 667 3201 723 3268; x_wconf 81' lang='grc' dir='ltr'><strong><em>καὶ</em></strong></span> <span class='ocrx_word' id='word_1_227' title='bbox 745 3203 934 3269; x_wconf 77' lang='grc' dir='ltr'><strong><em>ὑποκείσθω</em></strong></span> <span class='ocrx_word' id='word_1_228' title='bbox 954 3205 974 3289; x_wconf 75' lang='grc' dir='ltr'><em>ἡ</em></span> <span class='ocrx_word' id='word_1_229' title='bbox 992 3208 1079 3290; x_wconf 87' lang='grc' dir='ltr'><strong><em>πρὸς</em></strong></span> <span class='ocrx_word' id='word_1_230' title='bbox 1095 3215 1139 3296; x_wconf 74' lang='grc' dir='ltr'><strong><em>τῷ</em></strong></span> 
     </span>
     <span class='ocr_line' id='line_1_30' title="bbox 128 3307 1140 3398; baseline 0.001 -21"><span class='ocrx_word' id='word_1_231' title='bbox 128 3319 161 3377; x_wconf 92' lang='grc' dir='ltr'><em>Α</em></span> <span class='ocrx_word' id='word_1_232' title='bbox 183 3316 287 3395; x_wconf 77' lang='grc' dir='ltr'><strong><em>γωνία</em></strong></span> <span class='ocrx_word' id='word_1_233' title='bbox 311 3309 408 3394; x_wconf 76' lang='grc' dir='ltr'><strong><em>ὀξεῖα,</em></strong></span> <span class='ocrx_word' id='word_1_234' title='bbox 431 3307 486 3374; x_wconf 84' lang='grc' dir='ltr'><strong><em>καλ</em></strong></span> <span class='ocrx_word' id='word_1_235' title='bbox 509 3310 566 3374; x_wconf 84' lang='grc' dir='ltr'><strong><em>διδι</em></strong></span> <span class='ocrx_word' id='word_1_236' title='bbox 588 3319 648 3374; x_wconf 83' lang='grc' dir='ltr'><strong><em>τοῦ</em></strong></span> <span class='ocrx_word' id='word_1_237' title='bbox 672 3313 704 3374; x_wconf 91' lang='grc' dir='ltr'>Γ</span> <span class='ocrx_word' id='word_1_238' title='bbox 721 3311 816 3393; x_wconf 74' lang='grc' dir='ltr'><strong><em>ἤχθω</em></strong></span> <span class='ocrx_word' id='word_1_239' title='bbox 839 3311 980 3387; x_wconf 89' lang='grc' dir='ltr'><strong><em>κοίθετος</em></strong></span> <span class='ocrx_word' id='word_1_240' title='bbox 1004 3311 1057 3378; x_wconf 81' lang='grc' dir='ltr'><strong><em>ἐπὶ</em></strong></span> <span class='ocrx_word' id='word_1_241' title='bbox 1080 3315 1140 3398; x_wconf 77' lang='grc' dir='ltr'><strong><em>τὴν</em></strong></span> 
     </span>
    </p>
   </div>
   <div class='ocr_carea' id='block_1_5' title="bbox 149 3465 1138 3616">
    <p class='ocr_par' dir='ltr' id='par_1_10' title="bbox 149 3465 1138 3616">
     <span class='ocr_line' id='line_1_31' title="bbox 192 3465 1138 3542; baseline 0.005 -21"><span class='ocrx_word' id='word_1_242' title='bbox 192 3477 216 3522; x_wconf 80' lang='grc'><strong><em>4,</em></strong></span> <span class='ocrx_word' id='word_1_243' title='bbox 238 3471 307 3542; x_wconf 82' lang='lat' dir='ltr'><strong><em>BA]</em></strong></span> <span class='ocrx_word' id='word_1_244' title='bbox 325 3487 378 3540; x_wconf 81' lang='lat' dir='ltr'><strong><em>vp,</em></strong></span> <span class='ocrx_word' id='word_1_245' title='bbox 409 3467 481 3522; x_wconf 76' lang='lat' dir='ltr'><strong><em>etv</em></strong></span> <span class='ocrx_word' id='word_1_246' title='bbox 504 3466 546 3522; x_wconf 70' lang='lat' dir='ltr'><strong><em>ita</em></strong></span> <span class='ocrx_word' id='word_1_247' title='bbox 570 3469 643 3521; x_wconf 75' lang='lat' dir='ltr'><strong><em>utB</em></strong></span> <span class='ocrx_word' id='word_1_248' title='bbox 666 3465 820 3521; x_wconf 75' lang='lat' dir='ltr'>litteraeA</span> <span class='ocrx_word' id='word_1_249' title='bbox 843 3466 943 3522; x_wconf 80' lang='lat' dir='ltr'>similis</span> <span class='ocrx_word' id='word_1_250' title='bbox 967 3468 1018 3541; x_wconf 53' lang='grc' dir='ltr'><strong><em>οἱα</em></strong></span> <span class='ocrx_word' id='word_1_251' title='bbox 1046 3476 1098 3526; x_wconf 82' lang='grc' dir='ltr'><strong><em>ΑΛ</em></strong></span> <span class='ocrx_word' id='word_1_252' title='bbox 1115 3487 1138 3526; x_wconf 86' lang='grc' dir='ltr'><strong><em>ο.</em></strong></span> 
     </span>
     <span class='ocr_line' id='line_1_32' title="bbox 149 3535 1137 3616; baseline 0.007 -25"><span class='ocrx_word' id='word_1_253' title='bbox 149 3544 169 3591; x_wconf 91' lang='grc'><strong><em>7.</em></strong></span> <span class='ocrx_word' id='word_1_254' title='bbox 191 3549 245 3594; x_wconf 75' lang='grc' dir='ltr'><strong><em>τοῦ</em></strong></span> <span class='ocrx_word' id='word_1_255' title='bbox 264 3575 301 3584; x_wconf 90' lang='grc'>-</span> <span class='ocrx_word' id='word_1_256' title='bbox 322 3539 492 3616; x_wconf 78' lang='grc' dir='ltr'><strong><em>ἐλλείψεως]</em></strong></span> <span class='ocrx_word' id='word_1_257' title='bbox 513 3540 662 3613; x_wconf 79' lang='grc' dir='ltr'><strong><em>ἐλλείψεως</em></strong></span> <span class='ocrx_word' id='word_1_258' title='bbox 679 3546 730 3594; x_wconf 70' lang='grc' dir='ltr'><strong><em>τοῦ</em></strong></span> <span class='ocrx_word' id='word_1_259' title='bbox 748 3535 896 3608; x_wconf 67' lang='grc' dir='ltr'><strong><em>κυλίνδρου</em></strong></span> <span class='ocrx_word' id='word_1_260' title='bbox 910 3558 941 3608; x_wconf 66' lang='grc' dir='ltr'><strong><em>ρ,</em></strong></span> <span class='ocrx_word' id='word_1_261' title='bbox 1017 3539 1087 3610; x_wconf 83' lang='grc' dir='ltr'><strong><em>πρός</em></strong></span> <span class='ocrx_word' id='word_1_262' title='bbox 1106 3572 1137 3584; x_wconf 90' lang='lat'>-</span> 
     </span>
    </p>
   </div>
   <div class='ocr_carea' id='block_1_6' title="bbox 0 0 1221 3854">
    <p class='ocr_par' dir='ltr' id='par_1_11' title="bbox 0 0 1221 3854">
     <span class='ocr_line' id='line_1_33' title="bbox 0 0 1221 3854; baseline 0 0"><span class='ocrx_word' id='word_1_263' title='bbox 0 0 1221 3854; x_wconf 95' lang='lat' dir='ltr'><strong><em> </em></strong></span> 
     </span>
    </p>
   </div>
  </div>
 </body>
</html>
