2430 3854
128 156 168 220 78
395 158 483 208 ΠΕΡΙ
500 157 716 210 ΚΤΛΙΝΔΡΟΤ
733 157 869 211 ΤΟΜΗΣ.

126 304 197 365 ΑΓ
213 304 507 385 παραβαλλόμενον
523 300 733 385 ὑπερβάλλον
751 302 831 365 είδει
850 302 1044 389 τετραγώνῳ
1065 308 1140 367 ἴσον

125 418 171 495 τῳ
193 407 257 472 ἀπὸ
280 415 338 491 τῆς
357 411 417 472 ΓΒ
441 409 646 495 τετραγώνῳ,
668 409 705 472 τὸ
729 409 794 493 ἄρα
811 408 877 472 ὑπὸ
895 419 962 473 τῶν
981 414 1063 492 ΑΔ,
1078 413 1145 474 ΔΓ

127 520 200 579 ἴσον
228 512 295 579 ἐστὶ
322 524 367 602 τῷ
397 514 460 578 ἀπὸ
488 523 546 598 τῆς
570 517 630 578 ΓΒ
653 515 856 602 τετραγώνῳ.
906 514 990 580 ιἰλλδι
1013 517 1050 580 τὸ
1075 517 1139 581 ἀπὸ

125 629 183 703 τῆς
207 624 267 685 ΓΒ
290 630 350 685 τοῦ
374 621 437 685 ἀπὸ
461 630 518 704 τῆς
540 626 611 685 ΑΛ
634 621 694 686 οὐκ
718 624 866 685 ἔλαττον·
895 621 935 685 οὐ
959 623 1022 707 γδιρ
1048 621 1140 687 ἐλάτ-

91 742 193 791 οτων
215 727 235 810 ἡ
258 731 324 791 ΔΒ
348 737 406 812 τῆς
428 732 500 792 ΑΓ
517 723 596 792 οὐδὲ
618 727 638 810 ἡ
664 731 725 792 ΓΒ
749 735 806 811 τῆς
828 734 912 792 ΑΛ·
934 725 991 792 καὶ
1013 730 1051 793 τὸ
1076 731 1140 816 ἄρα

124 835 189 899 ὑπὸ
215 845 282 899 τῶν
304 840 389 918 ΑΛ,
413 837 485 899 ΔΓ
502 843 562 898 τοῦ
587 833 649 898 ἀπὸ
672 842 731 917 τῆς
753 839 822 897 ΑΔ
844 836 1055 919 τετραγώνου
1079 837 1140 901 οώκ

125 940 216 1006 ἐστιν
234 945 382 1006 ἔλαττον·
403 942 481 1026 ὅπερ
501 941 676 1005 ἀδύνατον.
709 940 746 1004 τὸ
765 936 803 1003 δὲ
820 940 901 1005 αὐτὸ
917 941 1139 1026 δειχθήσεται,

125 1051 156 1113 εί
176 1047 231 1113 καὶ
255 1048 398 1113 ἑλίττων
421 1056 479 1131 τῆς
503 1049 567 1111 ΓΔ
588 1046 768 1129 ὑποτεθείη
791 1049 945 1128 γίνεσθαι
968 1048 988 1131 ἡ
1012 1051 1139 1136 πλευρὰ

125 1165 184 1219 τοῦ
207 1155 467 1240 ὑπερβλήματος.

72 1273 106 1321 10
192 1261 275 1326 ἀλλὰ
302 1262 344 1344 δὴ
370 1260 472 1325 πάλιν
499 1262 581 1324 ἔστω
609 1261 736 1345 πλευρδι
762 1269 821 1324 τοῦ
844 1261 1138 1347 ὑπερβλψματοςὴ

126 1371 196 1432 ΓΒ.
242 1370 332 1431 ἔσται
359 1369 424 1453 ἄρα
451 1368 488 1431 τὸ
515 1366 580 1431 ὑπὸ
608 1377 676 1431 τῶν
703 1371 784 1450 ΑΒ,
807 1371 876 1430 ΒΓ
898 1350 972 1432 ἴσον
999 1378 1046 1455 τῷ
1075 1367 1137 1432 ἀπὸ

124 1482 182 1556 τῆς
206 1477 265 1538 ΓΒ
293 1475 500 1561 τετραγώνῳ·
535 1474 613 1559 ὅπερ
642 1473 817 1538 ἀδύνατον.
863 1474 900 1537 τὸ
924 1474 1005 1538 αὐτὸ
1031 1473 1082 1559 δέ,
1110 1477 1139 1539 εί

124 1577 180 1644 καὶ
206 1584 323 1664 μείζων
346 1590 403 1664 τῆς
423 1584 483 1646 ΓΒ
505 1579 684 1661 ὑποτεθείψ
707 1583 861 1662 γίνεσθαι
884 1581 904 1664 ἡ
928 1583 1057 1667 πλευρδι
1078 1590 1137 1645 τοῦ

124 1686 382 1772 ὑπερβλήματος.

73 1805 105 1853 15
191 1794 211 1877 ἡ
234 1795 298 1879 ίίρα
320 1794 446 1878 πλευρδι
469 1800 528 1856 τοῦ
551 1792 801 1878 ὑπερβλψματος
822 1796 940 1876 μείζων
964 1795 1057 1857 ἔσται
1079 1803 1135 1877 τῆς

125 1903 200 1982 ΓΔ,
224 1898 367 1963 ἐλιίττωυ
390 1895 426 1963 δὲ
449 1907 507 1982 τῆς
530 1902 599 1963 ΓΒ.

597 2091 658 2162 κε’.

188 2219 383 2304 Κυλίνδρου
420 2215 580 2294 δοθέντος
616 2215 816 2301 τετμημένου
853 2217 995 2296 ἐλλείψει
1027 2230 1136 2285 κῶνον

124 2328 352 2409 συστήσασθαι
367 2322 429 2402 ,ἐπὶ
452 2333 509 2408 τῆς
527 2324 628 2408 αὐτῆς
645 2323 772 2407 βάσεως
790 2333 850 2387 τοῦ
869 2325 1054 2411 κυλίνδρου
1072 2326 1135 2392 ὑπὸ

71 2443 104 2491 20
123 2433 160 2496 τὸ
188 2432 268 2496 αὐτὸ
296 2432 381 2509 ὕψος
406 2434 487 2497 ὅντα
509 2428 631 2518 καὶτῷ
656 2430 745 2517 αὐτῷ
769 2429 911 2518 ἐπιπέδῳ
935 2436 1136 2518 τεμνόμενον

123 2537 178 2603 καὶ
191 2546 351 2604 ποιοῦντα
366 2539 484 2621 ὁμοίαν
499 2540 645 2615 ἔλλειψιν
659 2546 698 2622 τῇ
712 2545 772 2601 τοῦ
785 2538 969 2622 κυλίνδρου
984 2537 1134 2618 ἐλλείψει.

190 2648 271 2709 ἔστω
295 2644 312 2710 ὁ
336 2642 450 2720 δοθεὶς
473 2644 666 2729 κύλινδρος,
691 2639 731 2708 οὗ
754 2641 851 2726 βοίσις
873 2639 933 2727 μὲν
957 2643 974 2708 ὁ
998 2644 1076 2731 περὶ
1098 2647 1133 2709 τὸ

123 2756 156 2813 Α
183 2749 320 2834 κέντρον
347 2752 480 2833 κύκλος,
508 2752 545 2814 τὸ
569 2746 606 2814 δὲ
629 2751 684 2814 διὰ
706 2758 767 2814 τοῦ
789 2747 907 2826 ἄξονος
928 2755 1134 2837 παραλληλό-

123 2879 275 2942 γραμμον
301 2857 338 2920 τὸ
362 2859 439 2940 ΒΓ,
463 2857 499 2921 ἐν
523 2849 549 2943 ᾧ
576 2855 751 2943 διάμετρος
772 2864 830 2940 τῆς
854 2857 1012 2939 δοθείσης
1036 2858 1133 2923 ἐλλεί-

70 2976 104 3024 25
122 2973 210 3041 ψεως
232 2961 252 3045 ἡ
271 2967 348 3047 ΕΛ,
370 2964 443 3046 ἥτις
466 2962 663 3046 ἐκβληθεῖσα
682 2961 890 3048 συμπιπτέτω
908 2972 949 3048 τῇ
967 2967 1037 3028 ΒΑ
1055 2965 1134 3030 κατδ

111 3071 159 3135 τὸ
180 3075 218 3153 Ζ,
240 3067 295 3133 καὶ
316 3079 356 3154 τῇ
375 3075 441 3134 ΔΖ
464 3070 521 3133 διὰ
543 3078 603 3134 τοῦ
624 3072 656 3134 Γ
673 3069 882 3155 παράλληλος
903 3069 999 3153 ἤχθω
1024 3072 1045 3155 ἡ
1070 3074 1136 3137 ΓΗ

123 3179 354 3261 συμπίπτουσα
377 3185 416 3262 τῇ
440 3180 506 3240 ΒΑ
528 3177 610 3240 κατὰ
632 3176 669 3240 τὸ
689 3180 734 3260 H,
757 3174 812 3240 καὶ
834 3179 1132 3262 προσεκβεβλήσθω

122 3284 142 3367 ἡ
168 3287 268 3348 ΖΛΘ
290 3283 412 3347 εὐθεῖα.

191 3446 214 3493 3.
237 3441 410 3514 τετραγώνῳ]
430 3456 482 3493 om.
501 3458 528 3508 p.
611 3445 634 3493 8.
655 3439 680 3493 εἰ
697 3437 762 3510 καί]
781 3440 830 3494 καὶ
849 3439 874 3492 εἰ
891 3457 919 3508 p.
1003 3447 1045 3496 11.
1066 3442 1131 3512 ΓΒ]

106 3525 180 3576 rep,
204 3527 273 3565 cort.
297 3528 333 3566 ex
352 3517 406 3569 ΓΔ
422 3531 459 3569 m.
480 3519 494 3568 1
516 3511 549 3568 V.
607 3517 649 3566 12.
667 3511 843 3583 τετραγώνῳλ
859 3527 911 3565 om.
930 3527 959 3580 p.
1016 3512 1084 3568 αὐτό
1101 3543 1131 3555 -
