2430 3854
128 181 192 244 298
442 185 530 234 ΠΕΡΙ
546 183 675 236 mm
693 185 830 235 ΤοΜΗΣ.

127 336 229 390 κῶνοι
267 327 417 404 ἰσοϋψεῖς
453 327 546 403 ἄντες
581 328 664 411 πρὸς
701 326 865 409 ἀλλήλους
902 326 989 393 εἰσὶν
1026 330 1073 405 ὡς
1107 333 1139 394 αί

127 432 248 513 βᾶσεις.
294 432 364 497 ἐπεὶ
391 429 454 498 οὖν
481 433 499 498 6
523 437 661 497 ΑΗΓΔ
673 431 795 510 Ικῶνος
817 435 901 520 πρὸς
923 436 983 499 τὸν
1006 440 1136 500 ΒΘΕΖ

128 541 326 604 διπλασίονα
355 542 456 622 λόγον
483 543 549 624 ἔχει
575 542 658 626 ἤπερ
685 540 705 623 6
729 545 769 604 Η
791 541 888 624 βάσις
916 543 1000 627 πρὸς
1028 543 1089 624 τὴν
1114 546 1137 606 Θ

127 646 236 730 βάσιν,
260 646 305 722 ὡς
328 642 365 709 δὲ
387 644 407 728 6
427 650 466 711 Η
481 647 578 729 βᾶσις
595 647 678 732 πρὸς
696 648 757 730 τὴν
777 652 816 730 Θ,
840 647 946 723 οὕτως
965 647 983 712 6
1003 652 1137 712 ΑΗΓΔ

92 763 233 828 5κῶνος
260 753 344 837 πρὸς
369 753 429 817 τὸν
451 755 602 836 ΚΘΕΖ,
630 752 648 817 6
677 753 741 837 ἄρα
763 756 903 818 ΑΗΓΔ
926 765 1035 829 κῶνος
1058 756 1135 840 πρὸς

125 859 185 923 τὸν
212 862 346 923 ΒΘΕΖ
379 859 577 924 διπλασίονα
606 862 708 941 λόγον
739 862 805 942 ἔχει
836 861 918 943 ἥπερ
951 859 969 924 6
999 866 1033 923 Α
1040 865 1080 923 Η
1083 864 1136 924 ΓΔ

125 965 209 1049 πρὸς
230 965 290 1030 τὸν
312 968 464 1030 ΚΘΕΖ·
487 965 533 1042 ὡς
554 967 619 1050 ἄρα
642 964 660 1030 6
684 969 824 1030 ΑΗΓΛ
846 976 954 1041 κῶνος
976 967 1063 1052 πρὸς
1085 968 1137 1031 τὸν

125 1074 277 1155 ΚΘΕΖ,
310 1071 416 1147 οὕτως
447 1072 465 1137 6
493 1075 630 1136 ΚΘΕΖ
661 1073 744 1157 πρὸς
772 1073 832 1136 τὸν
860 1076 1006 1136 ΒΘΕΖ.
1060 1071 1136 1156 [ἐπεὶ

125 1179 243 1242 τοίνυν
265 1177 282 1243 6
306 1183 339 1242 Α
345 1183 383 1242 Η
385 1181 446 1242 ΓΛ
467 1189 574 1255 κῶνος
596 1179 679 1264 πρὸς
700 1179 760 1243 τὸν
782 1182 917 1242 ΒΘΕΖ
940 1179 1137 1243 διπλασίονα

73 1298 107 1348 10
126 1286 227 1366 λόγον
245 1287 310 1368 ἔχει
328 1286 411 1370 ἥπερ
430 1284 448 1350 6
467 1288 502 1350 Κ
506 1288 603 1349 ΘΕΖ
622 1285 704 1370 πρὸς
722 1285 781 1350 τὸν
799 1289 901 1349 ΒΘΕ
907 1289 947 1370 Ζ,
968 1284 1136 1349 τουτέστιν

124 1390 206 1474 ἤπερ
229 1380 250 1474 6
273 1394 341 1454 ΚΘ
363 1392 446 1476 πρὸς
470 1395 548 1474 ΘΒ,
572 1394 637 1475 ἔχει
660 1388 697 1456 δὲ
721 1391 738 1456 6
760 1393 1034 1468 ΑΗΓΛκῶνος
1057 1395 1137 1478 πρὸς

124 1497 183 1560 τὸν
210 1500 344 1561 ΒΘΕΖ
372 1499 570 1562 διπλασίονα
596 1500 698 1580 λόγον
725 1496 781 1561 καὶ
808 1506 868 1562 τοῦ
896 1496 936 1562 ὃν
964 1500 1032 1582 ἔχει
1060 1499 1080 1581 6
1105 1503 1140 1563 H

119 1601 220 1697 fidas
241 1604 324 1690 πρὸς
345 1606 407 1688 τὴν
427 1608 456 1668 Θ
478 1604 587 1688 βᾶσιν,
610 1604 655 1681 ὡς
677 1605 743 1690 ἄρα
765 1603 786 1687 6
805 1609 845 1668 H
858 1603 955 1688 βᾶσις
973 1607 1058 1690 πρὸς
1077 1607 1136 1689 τὴν

127 1714 156 1774 Θ
182 1710 296 1793 βάσιν,
328 1711 434 1786 οὕτως
461 1709 479 1775 6
507 1714 585 1775 AH
607 1708 695 1788 ἄξων
721 1711 804 1796 πρὸς
831 1712 890 1775 τὸν
917 1715 984 1775 ΒΘ
1011 1709 1136 1795 ἄξονα]

71 1833 104 1882 15
122 1815 178 1880 καὶ
206 1814 274 1881 ἐπεὶ
299 1818 447 1896 ἰσοϋψεῖς
469 1819 554 1882 εἰσιν
577 1818 612 1881 οί
632 1819 786 1899 ΑΗΓΛ,
814 1820 949 1880 ΚΘΕΖ
973 1828 1092 1901 κῶνοι,
1119 1819 1136 1883 6

123 1925 188 2009 ἄρα
205 1927 345 1988 ΑΗΓΔ
363 1935 469 2000 κῶνος
486 1924 570 2009 πρὸς
587 1923 646 1988 τὸν
667 1925 698 1988 Κ
702 1926 797 1987 ΘΕΖ
817 1924 1016 1989 διπλασίονα
1036 1930 1136 2008 λόγον

123 2032 189 2112 ἔχει
224 2031 306 2116 ἥπερ
343 2031 380 2095 τὸ
414 2033 513 2095 ΑΓΔ
548 2032 713 2115 τρίγωνον
749 2029 832 2115 πρὸς
868 2029 905 2093 τὸ
938 2033 1056 2114 ΚΕΖ,
1093 2032 1137 2107 ὡς

124 2135 266 2220 ἐδείχθη.
313 2136 358 2213 ὡς
385 2133 422 2201 δὲ
450 2135 631 2201 δΑΗΓΔ
658 2147 764 2212 κῶνος
790 2136 874 2221 πρὸς
900 2136 959 2200 τὸν
983 2140 1136 2219 ΚΘΕΖ,

122 2242 229 2319 οὕτως
252 2243 270 2308 6
288 2267 323 2307 τε
341 2246 377 2308 Κ
381 2247 478 2307 ΘΕΖ
496 2253 604 2318 κῶνος
621 2242 704 2329 πρὸς
721 2242 781 2306 τὸν
799 2245 901 2305 ΒΘΕ
906 2247 933 2305 Ζ
951 2253 1064 2307 κῶνον
1082 2242 1136 2307 καὶ

70 2364 105 2412 20
123 2350 160 2414 τὸ
184 2352 285 2415 ΚΕΖ
311 2353 477 2435 τρίγωνον
504 2349 587 2434 πρὸς
609 2349 646 2412 τὸ
669 2352 780 2413 ΒΕΖ·
807 2345 862 2412 καὶ
885 2349 922 2412 τὸ
946 2351 1051 2412 ΚΖΕ
1072 2352 1136 2435 ἄρα

121 2457 286 2541 τρίγωνον
312 2456 395 2542 πρὸς
422 2456 458 2520 τὸ
482 2460 581 2520 ΒΕΖ
609 2455 806 2519 διπλασίονα
833 2457 935 2537 λόγον
963 2457 1029 2537 ἔχει
1053 2457 1135 2540 ἥπερ

120 2563 158 2626 τὸ
177 2568 209 2626 Α
216 2566 276 2627 ΓΛ
299 2563 381 2646 πρὸς
403 2562 440 2627 τὸ
459 2566 574 2627 ΚΕΖ·
596 2563 634 2626 τὸ
659 2561 724 2647 ἄρα
742 2563 841 2626 ΑΓΔ
864 2565 1030 2646 τρίγωνον
1053 2559 1151 2648 πρὸς

120 2668 157 2731 τὸ
181 2672 280 2732 ΒΕΖ
306 2671 523 2754 τριπλασίονα
548 2670 650 2750 λόγον
673 2669 739 2750 ἔχει
761 2668 844 2753 ἥπερ
867 2668 905 2732 τὸ
928 2670 1029 2730 ΑΓΛ
1053 2671 1137 2754 πρὸς

120 2774 157 2838 τὸ
180 2777 290 2839 ΚΕΖ.
337 2774 382 2850 ὡς
409 2771 447 2838 δὲ
473 2775 510 2839 τὸ
534 2777 634 2838 ΑΓΔ
660 2774 744 2859 πρὸς
770 2775 808 2838 τὸ
832 2776 949 2856 ΚΕΖ,
978 2773 1087 2851 οὕτως
1115 2776 1135 2858 6

68 2894 103 2943 25
123 2882 184 2944 ΓΛ
207 2880 304 2963 βάσις
321 2881 405 2967 πρὸς
422 2881 484 2964 τὴν
501 2885 579 2945 ΕΖ·
603 2882 725 2964 ἰσοϋψῆ
745 2879 808 2965 γάρ
828 2879 897 2944 ἐστι
914 2879 954 2942 τὰ
973 2881 1136 2966 τρίγωνα·

119 2987 157 3052 τὸ
190 2988 255 3073 ἄρα
281 2993 313 3051 Α
319 2989 380 3076 ΓΛ
411 2989 576 3072 τρίγωνον
607 2972 699 3072 πρὸς
718 2986 756 3050 τὸ
784 2989 881 3050 ΒΕΖ
914 2990 1136 3072 τριπλασίονα

74 3152 75 3155 ,
119 3096 220 3176 λόγον
243 3097 308 3178 ἔχει
330 3094 412 3177 ἥπερ
431 3091 452 3175 6
472 3095 533 3157 ΓΛ
550 3093 635 3178 πρὸς
652 3093 713 3175 τὴν
731 3095 809 3155 ΕΖ·
833 3091 912 3177 ὅπερ
932 3091 999 3155 ἔδει
1020 3092 1135 3171 δεῖξαι.

190 3326 214 3376 5.
234 3323 365 3445 AHPA6
382 3324 465 3375 ΗΓΔ
482 3320 515 3375 V.
589 3325 613 3374 6.
632 3318 760 3389 ΑΗΓΔ]
779 3336 810 3386 v,
833 3322 945 3373 ΑΗΓΔ
964 3329 1057 3384 κῶνος
1075 3322 1133 3392 Vp.

156 3398 179 3448 7.
198 3393 321 3464 ΑΗΓΔ]
369 3411 397 3462 p,
416 3395 489 3446 ΑΗ·
508 3391 610 3446 iuras,
629 3408 665 3445 m.
685 3395 700 3442 1
720 3407 746 3445 v.
810 3393 835 3444 8.
855 3387 1012 3446 ἐπεί-14.
1029 3393 1134 3465 ἄξονα]

109 3460 162 3519 σοι.
183 3463 292 3536 Ηαλλογ
310 3481 376 3520 cum
395 3462 502 3522 Θοῶτα.
561 3467 606 3517 12.
625 3458 837 3530 mmm„
855 3464 965 3539 ΒΕΘΖ
983 3481 1023 3519 v„
1067 3463 1134 3536 καί]

98 3553 125 3605 7,
160 3552 215 3593 om,
245 3537 302 3611 Vp,
415 3545 458 3598 13Ι
489 3538 529 3603 ὡς
557 3534 616 3606 ἄρα
640 3565 676 3576 -
696 3536 744 3586 Ἃ.
766 3527 873 3599 66.ssth
893 3530 1010 3596 ὶῶῖὶῶὶὶ,
1037 3549 1094 3586 m.
1110 3554 1146 3599 η,
