2430 3854
381 160 430 209 DE
450 157 627 210 SECTIONE
646 158 824 211 CYLINDRI.
1086 155 1107 218 5

100 305 242 386 oportet,
279 302 335 366 sed
371 301 678 386 comprehendentes
715 300 814 365 etiam
846 300 1013 383 obliquum
1046 299 1108 364 dis-

99 407 309 491 quisitionem
344 408 443 472 latius
481 408 659 472 extendere.
712 429 789 471 nam
820 407 981 471 neminem
1013 406 1107 471 facile

98 514 314 579 admissurum
339 535 418 598 esse,
440 535 506 577 non
530 535 658 578 omnem
682 513 863 598 cylindrum
886 517 1010 578 rectum
1030 535 1108 596 esse,

97 620 231 685 notione
269 619 373 704 [Eucl.
405 619 452 683 XI
485 620 546 684 def.
578 618 635 702 21]
677 619 739 683 hoc
776 641 885 683 secum
922 619 1108 704 adducente,

98 727 246 810 equidem
279 731 365 791 certe
396 749 462 791 non
492 726 622 812 ignoro,
654 748 768 790 uerum
794 727 958 790 enimuero
987 727 1108 810 disqui-

98 833 227 898 sitionis
261 855 359 897 causa
390 832 506 896 melius
539 854 609 897 esse
637 837 717 916 puto
745 833 932 898 definitione
959 832 1008 897 uti
1036 832 1107 896 uni-

97 939 287 1021 uersaliore,
325 938 478 1022 quoniam
514 943 604 1003 recto
642 961 680 1005 eo
712 944 862 1004 manente
895 939 1034 1024 eueniet,
1070 944 1108 1003 ut

98 1046 197 1110 etiam
230 1045 331 1110 sectio
363 1045 470 1129 ellipsi
501 1046 582 1110 recti
610 1047 683 1110 coni
712 1046 774 1110 soli
800 1047 1008 1132 respondeat,
1039 1047 1109 1109 uni-

98 1152 274 1217 uersaliore
297 1173 374 1216 uero
398 1153 570 1236 supposita
593 1153 714 1217 definit'
691 1158 789 1238 t,1one
811 1157 848 1217 ut
871 1153 935 1217 et
926 1175 999 1235 1psa
1020 1152 1107 1216 omni

99 1259 207 1343 ellipsi
220 1259 414 1342 respondeat
414 1310 423 1343 ,
442 1259 528 1341 quod
544 1259 695 1341 quidem
686 1282 795 1343 1psum
808 1264 845 1323 ut
831 1259 1059 1323 ttdemcnstre
1045 1263 1109 1343 t,ur

97 1364 174 1430 huic
196 1365 281 1429 libro
301 1369 351 1429 est
368 1364 581 1449 propositum.
618 1365 895 1450 adgrediendum
886 1366 948 1449 1git
949 1388 997 1450 ur,
1020 1366 1105 1448 quod

98 1470 247 1556 proposit
248 1494 303 1535 um
327 1475 391 1556 est,
363 1471 464 1535 this
488 1471 642 1535 definitis:

167 1608 193 1669 1.
242 1605 270 1668 si
322 1603 528 1668 manentibus
575 1604 701 1668 duobus
747 1603 874 1670 circulis
920 1603 1108 1687 aequalibus

98 1710 325 1795 parallelisque
371 1709 521 1773 diametri
564 1698 690 1793 semper
730 1710 903 1793 parallelae
945 1715 977 1774 et
1017 1710 1107 1795 ipsae

100 1816 314 1880 circumactae
354 1816 389 1879 in
429 1815 535 1901 planis
575 1816 768 1882 circulorum
804 1817 926 1881 circum
963 1820 1109 1881 centrum

99 1943 233 1986 manens
261 1926 295 1985 et
323 1922 579 2009 circumagentes
608 1926 731 1986 rectam
752 1924 909 1987 terminos
933 1944 1045 1987 eorum
1068 1921 1109 1984 ad

99 2028 227 2092 easdem
260 2033 369 2112 partes
396 2051 510 2094 uersus
539 2029 788 2113 coniungentem
815 2051 927 2093 rursus
956 2030 996 2093 ad
1022 2027 1108 2092 idem

87 2139 255 2219 ‚punctum
291 2137 522 2217 restituuntur,
559 2136 744 2219 superficies
776 2136 937 2219 descripta
969 2157 988 2198 a
1019 2121 1108 2198 recta

99 2241 296 2306 circumacta
319 2240 555 2324 superficies
575 2240 789 2325 cylindrica
807 2245 951 2326 uocetur,
974 2240 1109 2324 quaein

97 2347 263 2412 infinitum
299 2347 434 2431 produci
469 2351 580 2431 potest
615 2352 703 2411 recta
737 2369 808 2413 eam
841 2347 1040 2412 describente
1074 2345 1108 2410 in

97 2452 262 2516 infinitum
285 2454 450 2538 producta.

166 2589 195 2651 2.
215 2586 412 2671 cylindrus
436 2592 544 2651 autem
567 2587 673 2674 figura
692 2586 922 2672 comprehensa
940 2609 960 2650 a
979 2585 1108 2651 circulis

99 2691 262 2775 parallelis
288 2698 321 2757 et
344 2692 512 2776 superficie
536 2693 711 2777 cylindrica
732 2693 817 2758 inter
840 2715 896 2758 eos
918 2695 1108 2778 intercepta,

99 2798 213 2862 bases
242 2803 350 2863 autem
379 2799 515 2884 cylindri
543 2800 654 2865 circuli
681 2800 743 2884 illi,
773 2800 854 2865 axis
882 2805 991 2865 autem
1018 2804 1107 2865 recta

98 2925 157 2987 per
184 2909 294 2969 centra
321 2927 433 2970 eorum
460 2907 569 2989 dueta,
597 2907 653 2970 lat
639 2910 701 2970 tus
731 2911 840 2971 autem
863 2907 999 2992 cylindri
1021 2905 1107 2969 linea

98 3011 258 3093 quaedam
293 3016 382 3076 recta
387 3063 395 3096 ,
432 3034 585 3095 quaein
622 3014 789 3097 superficie
827 3013 964 3098 cylindri
999 3010 1107 3095 posita

98 3305 163 3376 περί
181 3308 331 3378 chp,·
326 3325 444 3379 *snpra
463 3311 526 3366 add
546 3329 582 3365 m.
602 3327 655 3367 ree.
675 3311 708 3379 V,
737 3310 782 3364 cui
801 3311 880 3392 signo
899 3325 973 3363 nune
991 3308 1105 3402 quidem

96 3379 128 3432 in
146 3397 201 3448 mg
220 3353 293 3433 nihil
311 3381 468 3449 respondet
543 3388 583 3436 12.
604 3381 756 3452 μενόντων]
777 3381 887 3451 scripsi,
912 3377 1013 3450 μὲν
982 3400 1033 3435 ονν
1051 3389 1106 3434 νων

97 3449 154 3519 Vc,
173 3460 272 3520 τῶνρ.
347 3458 388 3506 13.
408 3449 557 3524 corae]
523 3473 606 3507 ανται
624 3453 657 3507 V.
731 3459 773 3506 19
791 3452 867 3523 duel
884 3451 913 3505 sd
926 3468 1015 3512 ecee
1063 3457 1118 3500 Ἃ.

96 3494 167 3575 Post
185 3530 275 3591 σχῆμα
294 3522 347 3577 del
367 3523 397 3578 τὸ
416 3541 535 3593 περιει
611 3529 655 3581 23.
676 3522 843 3598 fiduscclp
864 3521 1028 3594 pesam
