<?xml version="1.0" encoding="UTF-8"?>
<!DOCTYPE html PUBLIC "-//W3C//DTD XHTML 1.0 Transitional//EN"
    "http://www.w3.org/TR/xhtml1/DTD/xhtml1-transitional.dtd">
<html xmlns="http://www.w3.org/1999/xhtml" xml:lang="en" lang="en">
 <head>
  <title>
</title>
<meta http-equiv="Content-Type" content="text/html;charset=utf-8" />
  <meta name='ocr-system' content='tesseract 3.04.00' />
  <meta name='ocr-capabilities' content='ocr_page ocr_carea ocr_par ocr_line ocrx_word'/>
</head>
<body>
  <div class='ocr_page' id='page_1' title='image "./sereniantinoens01heibgoog_0219.png"; bbox 0 0 2430 3854; ppageno 0'>
   <div class='ocr_carea' id='block_1_1' title="bbox 127 156 843 223">
    <p class='ocr_par' dir='ltr' id='par_1_1' title="bbox 127 156 843 223">
     <span class='ocr_line' id='line_1_1' title="bbox 127 156 843 223; baseline -0.015 -4"><span class='ocrx_word' id='word_1_1' title='bbox 127 156 192 219; x_wconf 87' lang='grc'><strong><em>194</em></strong></span> <span class='ocrx_word' id='word_1_2' title='bbox 438 159 528 210; x_wconf 69' lang='grc' dir='ltr'><strong>ΠΕΡΙ</strong></span> <span class='ocrx_word' id='word_1_3' title='bbox 545 157 673 211; x_wconf 72' lang='grc' dir='ltr'><strong><em>Κοωοε</em></strong></span> <span class='ocrx_word' id='word_1_4' title='bbox 690 159 843 223; x_wconf 59' lang='lat' dir='ltr'><strong><em>Tomis„</em></strong></span> 
     </span>
    </p>
   </div>
   <div class='ocr_carea' id='block_1_2' title="bbox 67 299 1142 3052">
    <p class='ocr_par' dir='ltr' id='par_1_2' title="bbox 67 299 1142 3052">
     <span class='ocr_line' id='line_1_2' title="bbox 125 299 1140 390; baseline 0.001 -24"><span class='ocrx_word' id='word_1_5' title='bbox 125 303 163 366; x_wconf 93' lang='grc' dir='ltr'><strong><em>τὸ</em></strong></span> <span class='ocrx_word' id='word_1_6' title='bbox 187 306 216 366; x_wconf 88' lang='grc' dir='ltr'><strong><em>Β</em></strong></span> <span class='ocrx_word' id='word_1_7' title='bbox 239 300 378 386; x_wconf 81' lang='grc' dir='ltr'><strong><em>κέντρον</em></strong></span> <span class='ocrx_word' id='word_1_8' title='bbox 400 303 535 385; x_wconf 80' lang='grc' dir='ltr'><strong><em>κύκλος,</em></strong></span> <span class='ocrx_word' id='word_1_9' title='bbox 563 311 622 366; x_wconf 88' lang='grc' dir='ltr'><strong><em>τοῦ</em></strong></span> <span class='ocrx_word' id='word_1_10' title='bbox 650 299 687 366; x_wconf 70' lang='grc' dir='ltr'><strong><em>δὲ</em></strong></span> <span class='ocrx_word' id='word_1_11' title='bbox 714 303 797 387; x_wconf 80' lang='grc' dir='ltr'><strong><em>πρὸς</em></strong></span> <span class='ocrx_word' id='word_1_12' title='bbox 824 301 930 386; x_wconf 83' lang='grc' dir='ltr'><strong><em>ὀρθὰς</em></strong></span> <span class='ocrx_word' id='word_1_13' title='bbox 957 312 1003 390; x_wconf 75' lang='grc' dir='ltr'><strong><em>τῷ</em></strong></span> <span class='ocrx_word' id='word_1_14' title='bbox 1029 304 1140 390; x_wconf 79' lang='grc' dir='ltr'><strong><em>κύκλῳ</em></strong></span> 
     </span>
     <span class='ocr_line' id='line_1_3' title="bbox 125 406 1141 494; baseline 0.003 -22"><span class='ocrx_word' id='word_1_15' title='bbox 125 409 291 493; x_wconf 79' lang='grc' dir='ltr'><strong><em>τριγώνου</em></strong></span> <span class='ocrx_word' id='word_1_16' title='bbox 314 409 371 473; x_wconf 74' lang='grc' dir='ltr'><strong><em>διὰ</em></strong></span> <span class='ocrx_word' id='word_1_17' title='bbox 394 416 454 472; x_wconf 89' lang='grc' dir='ltr'><strong><em>τοῦ</em></strong></span> <span class='ocrx_word' id='word_1_18' title='bbox 475 406 592 485; x_wconf 79' lang='grc' dir='ltr'><strong><em>ἄξονος</em></strong></span> <span class='ocrx_word' id='word_1_19' title='bbox 610 406 754 492; x_wconf 75' lang='grc' dir='ltr'><strong><em>ἠγμένον</em></strong></span> <span class='ocrx_word' id='word_1_20' title='bbox 773 408 869 492; x_wconf 89' lang='grc' dir='ltr'><strong><em>βᾶσις</em></strong></span> <span class='ocrx_word' id='word_1_21' title='bbox 888 412 970 474; x_wconf 82' lang='grc' dir='ltr'><strong><em>ἔστω</em></strong></span> <span class='ocrx_word' id='word_1_22' title='bbox 989 409 1009 492; x_wconf 76' lang='grc' dir='ltr'>ἡ</span> <span class='ocrx_word' id='word_1_23' title='bbox 1031 413 1141 494; x_wconf 88' lang='grc' dir='ltr'>ΓΒΔ,</span> 
     </span>
     <span class='ocr_line' id='line_1_4' title="bbox 125 513 1141 601; baseline 0.003 -22"><span class='ocrx_word' id='word_1_24' title='bbox 125 513 180 579; x_wconf 81' lang='grc' dir='ltr'><strong><em>καλ</em></strong></span> <span class='ocrx_word' id='word_1_25' title='bbox 210 514 230 597; x_wconf 75' lang='grc' dir='ltr'><em>ἡ</em></span> <span class='ocrx_word' id='word_1_26' title='bbox 259 515 325 580; x_wconf 87' lang='grc' dir='ltr'><strong><em>ύττὸ</em></strong></span> <span class='ocrx_word' id='word_1_27' title='bbox 355 519 461 580; x_wconf 85' lang='grc' dir='ltr'><strong><em>ΑΒΔ</em></strong></span> <span class='ocrx_word' id='word_1_28' title='bbox 488 517 592 597; x_wconf 81' lang='grc' dir='ltr'><strong><em>γωνία</em></strong></span> <span class='ocrx_word' id='word_1_29' title='bbox 622 513 766 580; x_wconf 81' lang='grc' dir='ltr'><strong><em>ἐλάττων</em></strong></span> <span class='ocrx_word' id='word_1_30' title='bbox 796 517 877 580; x_wconf 77' lang='grc' dir='ltr'><strong><em>ἔστω</em></strong></span> <span class='ocrx_word' id='word_1_31' title='bbox 906 514 1028 601; x_wconf 76' lang='grc' dir='ltr'><strong><em>ὀρθῆς,</em></strong></span> <span class='ocrx_word' id='word_1_32' title='bbox 1058 518 1141 582; x_wconf 85' lang='grc' dir='ltr'><strong><em>ὥστε</em></strong></span> 
     </span>
     <span class='ocr_line' id='line_1_5' title="bbox 125 618 1139 708; baseline 0.002 -22"><span class='ocrx_word' id='word_1_33' title='bbox 125 624 187 706; x_wconf 78' lang='grc' dir='ltr'><strong><em>τὴν</em></strong></span> <span class='ocrx_word' id='word_1_34' title='bbox 208 626 275 686; x_wconf 90' lang='grc' dir='ltr'><strong><em>ΑΒ</em></strong></span> <span class='ocrx_word' id='word_1_35' title='bbox 303 619 357 686; x_wconf 77' lang='grc' dir='ltr'><strong><em>ἐπὶ</em></strong></span> <span class='ocrx_word' id='word_1_36' title='bbox 384 623 424 686; x_wconf 84' lang='grc' dir='ltr'><strong><em>τὰ</em></strong></span> <span class='ocrx_word' id='word_1_37' title='bbox 447 627 481 685; x_wconf 93' lang='grc' dir='ltr'><em>Δ</em></span> <span class='ocrx_word' id='word_1_38' title='bbox 502 618 584 708; x_wconf 81' lang='grc' dir='ltr'><strong><em>με’ρη</em></strong></span> <span class='ocrx_word' id='word_1_39' title='bbox 607 623 819 707; x_wconf 83' lang='grc' dir='ltr'><strong><em>προσνεύειν,</em></strong></span> <span class='ocrx_word' id='word_1_40' title='bbox 841 620 897 686; x_wconf 82' lang='grc' dir='ltr'><strong><em>καὶ</em></strong></span> <span class='ocrx_word' id='word_1_41' title='bbox 922 626 1004 688; x_wconf 78' lang='grc' dir='ltr'><strong><em>ἔστω</em></strong></span> <span class='ocrx_word' id='word_1_42' title='bbox 1029 622 1050 706; x_wconf 79' lang='grc' dir='ltr'><em>ἡ</em></span> <span class='ocrx_word' id='word_1_43' title='bbox 1074 629 1139 688; x_wconf 92' lang='grc' dir='ltr'><strong><em>ΑΒ</em></strong></span> 
     </span>
     <span class='ocr_line' id='line_1_6' title="bbox 88 725 1141 814; baseline 0.003 -23"><span class='ocrx_word' id='word_1_44' title='bbox 88 745 106 791; x_wconf 81' lang='lat'>5</span> <span class='ocrx_word' id='word_1_45' title='bbox 125 729 169 813; x_wconf 82' lang='grc' dir='ltr'><strong><em>μὴ</em></strong></span> <span class='ocrx_word' id='word_1_46' title='bbox 193 727 337 794; x_wconf 79' lang='grc' dir='ltr'><strong><em>ἐλάττων</em></strong></span> <span class='ocrx_word' id='word_1_47' title='bbox 359 737 416 812; x_wconf 75' lang='grc' dir='ltr'><strong><em>τῆς</em></strong></span> <span class='ocrx_word' id='word_1_48' title='bbox 440 727 475 793; x_wconf 84' lang='grc' dir='ltr'><strong><em>ἐκ</em></strong></span> <span class='ocrx_word' id='word_1_49' title='bbox 495 736 555 792; x_wconf 84' lang='grc' dir='ltr'><strong><em>τοῦ</em></strong></span> <span class='ocrx_word' id='word_1_50' title='bbox 573 726 721 813; x_wconf 82' lang='grc' dir='ltr'><strong><em>κέντρου.</em></strong></span> <span class='ocrx_word' id='word_1_51' title='bbox 762 725 858 812; x_wconf 85' lang='grc' dir='ltr'><strong><em>λε’γω,</em></strong></span> <span class='ocrx_word' id='word_1_52' title='bbox 881 728 931 793; x_wconf 81' lang='grc' dir='ltr'><strong><em>ὅτι</em></strong></span> <span class='ocrx_word' id='word_1_53' title='bbox 949 730 987 793; x_wconf 93' lang='grc' dir='ltr'><strong><em>τὸ</em></strong></span> <span class='ocrx_word' id='word_1_54' title='bbox 1007 730 1065 793; x_wconf 76' lang='grc' dir='ltr'><strong><em>διὰ</em></strong></span> <span class='ocrx_word' id='word_1_55' title='bbox 1083 739 1141 814; x_wconf 77' lang='grc' dir='ltr'><strong><em>τῆς</em></strong></span> 
     </span>
     <span class='ocr_line' id='line_1_7' title="bbox 124 831 1141 919; baseline 0.001 -19"><span class='ocrx_word' id='word_1_56' title='bbox 124 841 158 900; x_wconf 93' lang='lat' dir='ltr'><em>A</em></span> <span class='ocrx_word' id='word_1_57' title='bbox 163 839 192 899; x_wconf 95' lang='lat' dir='ltr'><em>B</em></span> <span class='ocrx_word' id='word_1_58' title='bbox 217 831 380 912; x_wconf 69' lang='grc' dir='ltr'><strong><em>ἰσοσκελὲς</em></strong></span> <span class='ocrx_word' id='word_1_59' title='bbox 402 833 557 919; x_wconf 82' lang='grc' dir='ltr'><strong><em>μέγιστόν</em></strong></span> <span class='ocrx_word' id='word_1_60' title='bbox 580 834 650 899; x_wconf 79' lang='grc' dir='ltr'><strong><em>ἐστι</em></strong></span> <span class='ocrx_word' id='word_1_61' title='bbox 668 846 736 900; x_wconf 83' lang='grc' dir='ltr'><strong><em>τών</em></strong></span> <span class='ocrx_word' id='word_1_62' title='bbox 754 833 940 919; x_wconf 82' lang='grc' dir='ltr'><strong><em>γινομένων</em></strong></span> <span class='ocrx_word' id='word_1_63' title='bbox 960 837 1141 901; x_wconf 78' lang='grc' dir='ltr'><strong><em>ἰσοσκελῶν</em></strong></span> 
     </span>
     <span class='ocr_line' id='line_1_8' title="bbox 125 939 1141 1025; baseline 0.001 -20"><span class='ocrx_word' id='word_1_64' title='bbox 125 941 300 1025; x_wconf 83' lang='grc' dir='ltr'><strong><em>τριγώνων</em></strong></span> <span class='ocrx_word' id='word_1_65' title='bbox 325 951 394 1007; x_wconf 81' lang='grc' dir='ltr'><strong><em>τῶν</em></strong></span> <span class='ocrx_word' id='word_1_66' title='bbox 420 939 539 1025; x_wconf 81' lang='grc' dir='ltr'><strong><em>μεταξὺ</em></strong></span> <span class='ocrx_word' id='word_1_67' title='bbox 567 952 633 1006; x_wconf 82' lang='grc' dir='ltr'><strong><em>τῶν</em></strong></span> <span class='ocrx_word' id='word_1_68' title='bbox 656 945 699 1024; x_wconf 99' lang='grc' dir='ltr'><strong><em>Β,</em></strong></span> <span class='ocrx_word' id='word_1_69' title='bbox 723 947 757 1004; x_wconf 88' lang='grc' dir='ltr'><em>Δ</em></span> <span class='ocrx_word' id='word_1_70' title='bbox 779 944 923 1024; x_wconf 85' lang='grc' dir='ltr'><strong><em>σημείων</em></strong></span> <span class='ocrx_word' id='word_1_71' title='bbox 946 943 1004 1017; x_wconf 86' lang='grc' dir='ltr'><strong><em>τὰς</em></strong></span> <span class='ocrx_word' id='word_1_72' title='bbox 1028 943 1141 1025; x_wconf 86' lang='grc' dir='ltr'><strong><em>βᾶσεις</em></strong></span> 
     </span>
     <span class='ocr_line' id='line_1_9' title="bbox 126 1046 279 1130; baseline -0.007 -19"><span class='ocrx_word' id='word_1_73' title='bbox 126 1046 279 1130; x_wconf 79' lang='grc' dir='ltr'><strong><em>ἐχόντων.</em></strong></span> 
     </span>
     <span class='ocr_line' id='line_1_10' title="bbox 192 1152 1140 1241; baseline 0.002 -23"><span class='ocrx_word' id='word_1_74' title='bbox 192 1155 343 1237; x_wconf 76' lang='grc' dir='ltr'><strong><em>εἰλήφθω</em></strong></span> <span class='ocrx_word' id='word_1_75' title='bbox 367 1152 420 1219; x_wconf 75' lang='grc' dir='ltr'><strong><em>ἐπὶ</em></strong></span> <span class='ocrx_word' id='word_1_76' title='bbox 443 1163 500 1237; x_wconf 76' lang='grc' dir='ltr'><strong><em>τῆς</em></strong></span> <span class='ocrx_word' id='word_1_77' title='bbox 522 1158 590 1218; x_wconf 89' lang='grc' dir='ltr'><strong><em>ΒΛ</em></strong></span> <span class='ocrx_word' id='word_1_78' title='bbox 613 1155 714 1238; x_wconf 84' lang='grc' dir='ltr'><strong><em>τυχὸν</em></strong></span> <span class='ocrx_word' id='word_1_79' title='bbox 738 1165 874 1238; x_wconf 77' lang='grc' dir='ltr'><strong><em>σημεῖον</em></strong></span> <span class='ocrx_word' id='word_1_80' title='bbox 896 1155 933 1219; x_wconf 90' lang='grc' dir='ltr'><strong><em>τὸ</em></strong></span> <span class='ocrx_word' id='word_1_81' title='bbox 959 1159 996 1238; x_wconf 86' lang='grc' dir='ltr'><strong><em>Ε,</em></strong></span> <span class='ocrx_word' id='word_1_82' title='bbox 1020 1153 1076 1219; x_wconf 82' lang='grc' dir='ltr'><strong><em>καὶ</em></strong></span> <span class='ocrx_word' id='word_1_83' title='bbox 1101 1167 1140 1241; x_wconf 80' lang='grc' dir='ltr'><strong><em>τῇ</em></strong></span> 
     </span>
     <span class='ocr_line' id='line_1_11' title="bbox 73 1259 1142 1349; baseline 0.003 -25"><span class='ocrx_word' id='word_1_84' title='bbox 73 1277 106 1326; x_wconf 85' lang='grc'><strong><em>10</em></strong></span> <span class='ocrx_word' id='word_1_85' title='bbox 127 1262 191 1325; x_wconf 86' lang='grc' dir='ltr'><strong><em>ΓΔ</em></strong></span> <span class='ocrx_word' id='word_1_86' title='bbox 213 1261 296 1346; x_wconf 80' lang='grc' dir='ltr'><strong><em>πρὸς</em></strong></span> <span class='ocrx_word' id='word_1_87' title='bbox 323 1259 429 1347; x_wconf 81' lang='grc' dir='ltr'><strong><em>ὀρθὰς</em></strong></span> <span class='ocrx_word' id='word_1_88' title='bbox 456 1261 616 1344; x_wconf 71' lang='grc' dir='ltr'><strong><em>ἤχθωσαν</em></strong></span> <span class='ocrx_word' id='word_1_89' title='bbox 639 1260 676 1325; x_wconf 82' lang='grc' dir='ltr'><strong><em>ἐν</em></strong></span> <span class='ocrx_word' id='word_1_90' title='bbox 698 1271 744 1349; x_wconf 77' lang='grc' dir='ltr'><strong><em>τῷ</em></strong></span> <span class='ocrx_word' id='word_1_91' title='bbox 766 1262 876 1348; x_wconf 81' lang='grc' dir='ltr'><strong><em>κύκλῳ</em></strong></span> <span class='ocrx_word' id='word_1_92' title='bbox 900 1262 937 1324; x_wconf 80' lang='grc' dir='ltr'><strong><em>αἱ</em></strong></span> <span class='ocrx_word' id='word_1_93' title='bbox 957 1265 1036 1345; x_wconf 92' lang='grc' dir='ltr'><strong><em>ΒΖ,</em></strong></span> <span class='ocrx_word' id='word_1_94' title='bbox 1060 1267 1142 1345; x_wconf 87' lang='grc' dir='ltr'><strong><em>ΕΗ,</em></strong></span> 
     </span>
     <span class='ocr_line' id='line_1_12' title="bbox 125 1365 531 1451; baseline -0.007 -18"><span class='ocrx_word' id='word_1_95' title='bbox 125 1366 181 1433; x_wconf 82' lang='grc' dir='ltr'><strong><em>καὶ</em></strong></span> <span class='ocrx_word' id='word_1_96' title='bbox 204 1367 388 1451; x_wconf 78' lang='grc' dir='ltr'><strong><em>ἐπεζεύχθω</em></strong></span> <span class='ocrx_word' id='word_1_97' title='bbox 411 1365 432 1448; x_wconf 79' lang='grc' dir='ltr'>ἡ</span> <span class='ocrx_word' id='word_1_98' title='bbox 456 1371 531 1430; x_wconf 86' lang='lat' dir='ltr'><strong><em>AB.</em></strong></span> 
     </span>
     <span class='ocr_line' id='line_1_13' title="bbox 191 1471 1141 1557; baseline 0.002 -20"><span class='ocrx_word' id='word_1_99' title='bbox 191 1472 211 1557; x_wconf 80' lang='grc' dir='ltr'><em>ἡ</em></span> <span class='ocrx_word' id='word_1_100' title='bbox 236 1474 277 1557; x_wconf 75' lang='grc' dir='ltr'><strong><em>δὴ</em></strong></span> <span class='ocrx_word' id='word_1_101' title='bbox 301 1478 369 1538; x_wconf 91' lang='lat' dir='ltr'><strong><em>BA</em></strong></span> <span class='ocrx_word' id='word_1_102' title='bbox 391 1482 449 1556; x_wconf 75' lang='grc' dir='ltr'><strong><em>τῆς</em></strong></span> <span class='ocrx_word' id='word_1_103' title='bbox 472 1477 541 1538; x_wconf 87' lang='lat' dir='ltr'><strong><em>AE</em></strong></span> <span class='ocrx_word' id='word_1_104' title='bbox 561 1475 633 1556; x_wconf 72' lang='grc' dir='ltr'><strong><em>ἤτοι</em></strong></span> <span class='ocrx_word' id='word_1_105' title='bbox 657 1473 801 1539; x_wconf 84' lang='grc' dir='ltr'><strong><em>ἐλάττων</em></strong></span> <span class='ocrx_word' id='word_1_106' title='bbox 820 1471 949 1557; x_wconf 76' lang='grc' dir='ltr'><strong><em>ἐστὶνῆ</em></strong></span> <span class='ocrx_word' id='word_1_107' title='bbox 968 1474 1030 1538; x_wconf 87' lang='grc' dir='ltr'><strong><em>οᾶκ</em></strong></span> <span class='ocrx_word' id='word_1_108' title='bbox 1049 1473 1141 1539; x_wconf 85' lang='grc' dir='ltr'><strong><em>ἐστιν</em></strong></span> 
     </span>
     <span class='ocr_line' id='line_1_14' title="bbox 128 1582 281 1647; baseline -0.013 0"><span class='ocrx_word' id='word_1_109' title='bbox 128 1582 281 1647; x_wconf 83' lang='grc' dir='ltr'><strong><em>ἐλᾶττων.</em></strong></span> 
     </span>
     <span class='ocr_line' id='line_1_15' title="bbox 192 1680 1140 1770; baseline -0.002 -17"><span class='ocrx_word' id='word_1_110' title='bbox 192 1688 382 1753; x_wconf 80' lang='grc' dir='ltr'><strong><em>ὑποκείσθω</em></strong></span> <span class='ocrx_word' id='word_1_111' title='bbox 411 1686 452 1770; x_wconf 76' lang='grc' dir='ltr'><strong><em>δὴ</em></strong></span> <span class='ocrx_word' id='word_1_112' title='bbox 479 1688 523 1770; x_wconf 79' lang='grc' dir='ltr'><strong><em>μὴ</em></strong></span> <span class='ocrx_word' id='word_1_113' title='bbox 552 1680 637 1750; x_wconf 84' lang='grc' dir='ltr'><strong><em>εἶναι</em></strong></span> <span class='ocrx_word' id='word_1_114' title='bbox 665 1685 809 1750; x_wconf 85' lang='grc' dir='ltr'><strong><em>ἐλᾶττων</em></strong></span> <span class='ocrx_word' id='word_1_115' title='bbox 839 1683 855 1768; x_wconf 72' lang='grc' dir='ltr'><strong><em>ἡ</em></strong></span> <span class='ocrx_word' id='word_1_116' title='bbox 884 1690 951 1750; x_wconf 88' lang='lat' dir='ltr'><strong><em>BA</em></strong></span> <span class='ocrx_word' id='word_1_117' title='bbox 978 1695 1036 1770; x_wconf 79' lang='grc' dir='ltr'><strong><em>τῆς</em></strong></span> <span class='ocrx_word' id='word_1_118' title='bbox 1061 1692 1140 1751; x_wconf 86' lang='lat' dir='ltr'><strong><em>AB.</em></strong></span> 
     </span>
     <span class='ocr_line' id='line_1_16' title="bbox 74 1790 1138 1877; baseline 0 -20"><span class='ocrx_word' id='word_1_119' title='bbox 74 1809 108 1858; x_wconf 81' lang='lat'><strong><em>15</em></strong></span> <span class='ocrx_word' id='word_1_120' title='bbox 128 1795 197 1861; x_wconf 72' lang='grc' dir='ltr'><strong><em>ἐπεὶ</em></strong></span> <span class='ocrx_word' id='word_1_121' title='bbox 225 1790 287 1861; x_wconf 85' lang='grc' dir='ltr'><strong><em>οὖν</em></strong></span> <span class='ocrx_word' id='word_1_122' title='bbox 314 1791 334 1877; x_wconf 79' lang='grc' dir='ltr'><em>ἡ</em></span> <span class='ocrx_word' id='word_1_123' title='bbox 363 1798 430 1858; x_wconf 89' lang='grc' dir='ltr'><strong><em>ΒΑ</em></strong></span> <span class='ocrx_word' id='word_1_124' title='bbox 453 1801 510 1875; x_wconf 78' lang='grc' dir='ltr'><strong><em>τῆς</em></strong></span> <span class='ocrx_word' id='word_1_125' title='bbox 533 1797 598 1856; x_wconf 87' lang='grc' dir='ltr'><strong><em>ΑΕ</em></strong></span> <span class='ocrx_word' id='word_1_126' title='bbox 619 1792 679 1856; x_wconf 87' lang='grc' dir='ltr'><strong><em>οὐκ</em></strong></span> <span class='ocrx_word' id='word_1_127' title='bbox 703 1791 861 1875; x_wconf 84' lang='grc' dir='ltr'><strong><em>ἐλάττων,</em></strong></span> <span class='ocrx_word' id='word_1_128' title='bbox 890 1791 1034 1857; x_wconf 90' lang='grc' dir='ltr'><strong><em>ε’λᾶττων</em></strong></span> <span class='ocrx_word' id='word_1_129' title='bbox 1056 1790 1095 1857; x_wconf 76' lang='grc' dir='ltr'><strong><em>δὲ</em></strong></span> <span class='ocrx_word' id='word_1_130' title='bbox 1119 1791 1138 1875; x_wconf 82' lang='grc' dir='ltr'><em>ἡ</em></span> 
     </span>
     <span class='ocr_line' id='line_1_17' title="bbox 124 1897 1140 1986; baseline -0.004 -19"><span class='ocrx_word' id='word_1_131' title='bbox 124 1907 199 1967; x_wconf 86' lang='grc' dir='ltr'><strong><em>ΒΗ</em></strong></span> <span class='ocrx_word' id='word_1_132' title='bbox 217 1910 275 1986; x_wconf 77' lang='grc' dir='ltr'><strong><em>τῆς</em></strong></span> <span class='ocrx_word' id='word_1_133' title='bbox 293 1905 371 1985; x_wconf 89' lang='grc' dir='ltr'><strong><em>ΒΖ,</em></strong></span> <span class='ocrx_word' id='word_1_134' title='bbox 393 1897 413 1982; x_wconf 80' lang='grc' dir='ltr'><em>ἡ</em></span> <span class='ocrx_word' id='word_1_135' title='bbox 432 1903 499 1963; x_wconf 90' lang='grc' dir='ltr'><strong><em>ΑΒ</em></strong></span> <span class='ocrx_word' id='word_1_136' title='bbox 522 1899 586 1983; x_wconf 82' lang='grc' dir='ltr'><strong><em>ἄρα</em></strong></span> <span class='ocrx_word' id='word_1_137' title='bbox 608 1899 691 1983; x_wconf 80' lang='grc' dir='ltr'><strong><em>πρὸς</em></strong></span> <span class='ocrx_word' id='word_1_138' title='bbox 709 1902 777 1962; x_wconf 86' lang='lat' dir='ltr'><strong><em>AB</em></strong></span> <span class='ocrx_word' id='word_1_139' title='bbox 798 1902 928 1982; x_wconf 79' lang='grc' dir='ltr'><strong><em>μείζονα</em></strong></span> <span class='ocrx_word' id='word_1_140' title='bbox 951 1900 1053 1980; x_wconf 84' lang='grc' dir='ltr'><strong><em>λόγον</em></strong></span> <span class='ocrx_word' id='word_1_141' title='bbox 1072 1902 1140 1983; x_wconf 78' lang='grc' dir='ltr'><strong><em>ἔχει</em></strong></span> 
     </span>
     <span class='ocr_line' id='line_1_18' title="bbox 124 2005 1140 2096; baseline -0.003 -22"><span class='ocrx_word' id='word_1_142' title='bbox 124 2010 206 2096; x_wconf 72' lang='grc' dir='ltr'><strong><em>ἥπερ</em></strong></span> <span class='ocrx_word' id='word_1_143' title='bbox 234 2008 354 2091; x_wconf 75' lang='grc' dir='ltr'><strong><em>ἡΒΗ</em></strong></span> <span class='ocrx_word' id='word_1_144' title='bbox 375 2007 458 2091; x_wconf 82' lang='grc' dir='ltr'><strong><em>πρὸς</em></strong></span> <span class='ocrx_word' id='word_1_145' title='bbox 481 2010 557 2070; x_wconf 87' lang='grc' dir='ltr'><strong><em>ΒΖ·</em></strong></span> <span class='ocrx_word' id='word_1_146' title='bbox 584 2005 621 2069; x_wconf 90' lang='grc' dir='ltr'><strong><em>τὸ</em></strong></span> <span class='ocrx_word' id='word_1_147' title='bbox 650 2006 714 2089; x_wconf 83' lang='grc' dir='ltr'><strong><em>ἄρα</em></strong></span> <span class='ocrx_word' id='word_1_148' title='bbox 740 2005 805 2069; x_wconf 84' lang='grc' dir='ltr'><strong><em>ὑπὸ</em></strong></span> <span class='ocrx_word' id='word_1_149' title='bbox 833 2010 913 2088; x_wconf 86' lang='grc' dir='ltr'><strong><em>ΑΒ,</em></strong></span> <span class='ocrx_word' id='word_1_150' title='bbox 936 2009 1000 2069; x_wconf 90' lang='grc' dir='ltr'><strong><em>ΒΖ</em></strong></span> <span class='ocrx_word' id='word_1_151' title='bbox 1028 2008 1140 2089; x_wconf 83' lang='grc' dir='ltr'><strong><em>μεῖζόν</em></strong></span> 
     </span>
     <span class='ocr_line' id='line_1_19' title="bbox 125 2108 1139 2199; baseline -0.004 -19"><span class='ocrx_word' id='word_1_152' title='bbox 125 2115 194 2181; x_wconf 80' lang='grc' dir='ltr'><strong><em>ἐστι</em></strong></span> <span class='ocrx_word' id='word_1_153' title='bbox 222 2123 282 2180; x_wconf 90' lang='grc' dir='ltr'><strong><em>τοῦ</em></strong></span> <span class='ocrx_word' id='word_1_154' title='bbox 304 2114 369 2180; x_wconf 80' lang='grc' dir='ltr'><strong><em>ὑπὸ</em></strong></span> <span class='ocrx_word' id='word_1_155' title='bbox 393 2117 474 2196; x_wconf 89' lang='grc' dir='ltr'><strong><em>ΛΕ,</em></strong></span> <span class='ocrx_word' id='word_1_156' title='bbox 496 2115 575 2177; x_wconf 85' lang='grc' dir='ltr'><strong><em>ΕΗ.</em></strong></span> <span class='ocrx_word' id='word_1_157' title='bbox 621 2109 704 2176; x_wconf 87' lang='grc' dir='ltr'><strong><em>ἄλλᾶ</em></strong></span> <span class='ocrx_word' id='word_1_158' title='bbox 727 2121 772 2199; x_wconf 73' lang='grc' dir='ltr'><strong><em>τῷ</em></strong></span> <span class='ocrx_word' id='word_1_159' title='bbox 796 2108 857 2196; x_wconf 70' lang='grc' dir='ltr'><strong><em>μὲν</em></strong></span> <span class='ocrx_word' id='word_1_160' title='bbox 879 2111 944 2176; x_wconf 84' lang='grc' dir='ltr'><strong><em>ὑπὸ</em></strong></span> <span class='ocrx_word' id='word_1_161' title='bbox 968 2116 1049 2195; x_wconf 86' lang='grc' dir='ltr'><strong><em>ΑΒ,</em></strong></span> <span class='ocrx_word' id='word_1_162' title='bbox 1072 2117 1139 2176; x_wconf 92' lang='grc' dir='ltr'><strong><em>ΒΖ</em></strong></span> 
     </span>
     <span class='ocr_line' id='line_1_20' title="bbox 127 2217 1139 2306; baseline -0.005 -20"><span class='ocrx_word' id='word_1_163' title='bbox 127 2228 204 2289; x_wconf 76' lang='grc' dir='ltr'><strong><em>ἴσον</em></strong></span> <span class='ocrx_word' id='word_1_164' title='bbox 226 2219 295 2287; x_wconf 82' lang='grc' dir='ltr'><strong><em>ἐστὶ</em></strong></span> <span class='ocrx_word' id='word_1_165' title='bbox 318 2222 355 2286; x_wconf 90' lang='grc' dir='ltr'><strong><em>τὸ</em></strong></span> <span class='ocrx_word' id='word_1_166' title='bbox 378 2223 542 2306; x_wconf 83' lang='grc' dir='ltr'><strong><em>τρίγωνον</em></strong></span> <span class='ocrx_word' id='word_1_167' title='bbox 565 2218 602 2282; x_wconf 92' lang='grc' dir='ltr'><strong><em>τὸ</em></strong></span> <span class='ocrx_word' id='word_1_168' title='bbox 626 2217 724 2300; x_wconf 90' lang='grc' dir='ltr'><strong><em>βᾶσιν</em></strong></span> <span class='ocrx_word' id='word_1_169' title='bbox 748 2220 823 2301; x_wconf 82' lang='grc' dir='ltr'><strong><em>ἔχον</em></strong></span> <span class='ocrx_word' id='word_1_170' title='bbox 846 2219 907 2301; x_wconf 76' lang='grc' dir='ltr'><strong><em>τὴν</em></strong></span> <span class='ocrx_word' id='word_1_171' title='bbox 930 2219 1052 2301; x_wconf 73' lang='grc' dir='ltr'><strong><em>διπλῆν</em></strong></span> <span class='ocrx_word' id='word_1_172' title='bbox 1080 2229 1139 2303; x_wconf 76' lang='grc' dir='ltr'><strong><em>τῆς</em></strong></span> 
     </span>
     <span class='ocr_line' id='line_1_21' title="bbox 67 2322 1139 2412; baseline 0 -22"><span class='ocrx_word' id='word_1_173' title='bbox 67 2340 106 2390; x_wconf 66' lang='lat'><strong><em>‘20</em></strong></span> <span class='ocrx_word' id='word_1_174' title='bbox 125 2333 203 2412; x_wconf 90' lang='grc' dir='ltr'><strong><em>ΒΖ,</em></strong></span> <span class='ocrx_word' id='word_1_175' title='bbox 229 2328 315 2406; x_wconf 83' lang='grc' dir='ltr'><strong><em>ἄψος</em></strong></span> <span class='ocrx_word' id='word_1_176' title='bbox 332 2324 379 2393; x_wconf 71' lang='grc' dir='ltr'><strong><em>’δὲ</em></strong></span> <span class='ocrx_word' id='word_1_177' title='bbox 406 2328 467 2411; x_wconf 82' lang='grc' dir='ltr'><strong><em>τὴν</em></strong></span> <span class='ocrx_word' id='word_1_178' title='bbox 494 2329 575 2409; x_wconf 91' lang='grc' dir='ltr'><strong><em>ΛΒ,</em></strong></span> <span class='ocrx_word' id='word_1_179' title='bbox 603 2322 752 2389; x_wconf 81' lang='grc' dir='ltr'><strong><em>τουτέστι</em></strong></span> <span class='ocrx_word' id='word_1_180' title='bbox 780 2325 817 2389; x_wconf 90' lang='grc' dir='ltr'><strong><em>τὸ</em></strong></span> <span class='ocrx_word' id='word_1_181' title='bbox 848 2325 904 2388; x_wconf 72' lang='grc' dir='ltr'><strong><em>διὰ</em></strong></span> <span class='ocrx_word' id='word_1_182' title='bbox 931 2333 991 2389; x_wconf 88' lang='grc' dir='ltr'><strong><em>τοῦ</em></strong></span> <span class='ocrx_word' id='word_1_183' title='bbox 1019 2324 1139 2403; x_wconf 85' lang='grc' dir='ltr'><strong><em>ἄξονος</em></strong></span> 
     </span>
     <span class='ocr_line' id='line_1_22' title="bbox 126 2429 1139 2522; baseline -0.003 -23"><span class='ocrx_word' id='word_1_184' title='bbox 126 2433 301 2518; x_wconf 82' lang='grc' dir='ltr'><strong><em>ἰσοσκελές,</em></strong></span> <span class='ocrx_word' id='word_1_185' title='bbox 323 2443 368 2522; x_wconf 80' lang='grc' dir='ltr'><strong><em>τῷ</em></strong></span> <span class='ocrx_word' id='word_1_186' title='bbox 392 2429 429 2498; x_wconf 72' lang='grc' dir='ltr'><strong><em>δὲ</em></strong></span> <span class='ocrx_word' id='word_1_187' title='bbox 450 2432 516 2497; x_wconf 82' lang='grc' dir='ltr'><strong><em>ὑπὸ</em></strong></span> <span class='ocrx_word' id='word_1_188' title='bbox 535 2436 616 2515; x_wconf 84' lang='lat' dir='ltr'><strong><em>AB,</em></strong></span> <span class='ocrx_word' id='word_1_189' title='bbox 633 2435 709 2497; x_wconf 86' lang='grc' dir='ltr'><strong><em>ΕΗ</em></strong></span> <span class='ocrx_word' id='word_1_190' title='bbox 728 2436 802 2495; x_wconf 89' lang='grc' dir='ltr'><strong><em>ίσον</em></strong></span> <span class='ocrx_word' id='word_1_191' title='bbox 825 2429 894 2495; x_wconf 81' lang='grc' dir='ltr'><strong><em>ἐστὶ</em></strong></span> <span class='ocrx_word' id='word_1_192' title='bbox 912 2433 949 2495; x_wconf 91' lang='grc' dir='ltr'><strong><em>τὸ</em></strong></span> <span class='ocrx_word' id='word_1_193' title='bbox 970 2434 1139 2515; x_wconf 82' lang='grc' dir='ltr'><strong><em>τρίγωνον</em></strong></span> 
     </span>
     <span class='ocr_line' id='line_1_23' title="bbox 125 2525 1140 2624; baseline -0.003 -18"><span class='ocrx_word' id='word_1_194' title='bbox 125 2543 162 2605; x_wconf 89' lang='grc' dir='ltr'><strong><em>τὸ</em></strong></span> <span class='ocrx_word' id='word_1_195' title='bbox 185 2538 284 2624; x_wconf 85' lang='grc' dir='ltr'><strong><em>βᾶσιν</em></strong></span> <span class='ocrx_word' id='word_1_196' title='bbox 306 2536 367 2624; x_wconf 70' lang='grc' dir='ltr'><strong><em>μὲν</em></strong></span> <span class='ocrx_word' id='word_1_197' title='bbox 389 2542 466 2624; x_wconf 81' lang='grc' dir='ltr'><strong><em>ἔχον</em></strong></span> <span class='ocrx_word' id='word_1_198' title='bbox 487 2540 549 2622; x_wconf 75' lang='grc' dir='ltr'><strong><em>τὴν</em></strong></span> <span class='ocrx_word' id='word_1_199' title='bbox 571 2539 693 2622; x_wconf 77' lang='grc' dir='ltr'><strong><em>διπλῆν</em></strong></span> <span class='ocrx_word' id='word_1_200' title='bbox 716 2547 773 2621; x_wconf 79' lang='grc' dir='ltr'><strong><em>τῆς</em></strong></span> <span class='ocrx_word' id='word_1_201' title='bbox 795 2542 879 2620; x_wconf 86' lang='grc' dir='ltr'><strong><em>ΕΗ,</em></strong></span> <span class='ocrx_word' id='word_1_202' title='bbox 907 2525 992 2614; x_wconf 80' lang='grc' dir='ltr'><strong><em>ὕψος</em></strong></span> <span class='ocrx_word' id='word_1_203' title='bbox 1015 2534 1052 2601; x_wconf 74' lang='grc' dir='ltr'><strong><em>δὲ</em></strong></span> <span class='ocrx_word' id='word_1_204' title='bbox 1076 2540 1140 2622; x_wconf 79' lang='grc' dir='ltr'><strong><em>τὴν</em></strong></span> 
     </span>
     <span class='ocr_line' id='line_1_24' title="bbox 125 2640 1139 2733; baseline -0.003 -22"><span class='ocrx_word' id='word_1_205' title='bbox 125 2651 208 2712; x_wconf 86' lang='grc' dir='ltr'><strong><em>ΑΒ·</em></strong></span> <span class='ocrx_word' id='word_1_206' title='bbox 232 2646 268 2710; x_wconf 90' lang='grc' dir='ltr'><strong><em>τὸ</em></strong></span> <span class='ocrx_word' id='word_1_207' title='bbox 292 2648 356 2733; x_wconf 84' lang='grc' dir='ltr'><strong><em>ἄρα</em></strong></span> <span class='ocrx_word' id='word_1_208' title='bbox 379 2646 435 2711; x_wconf 77' lang='grc' dir='ltr'><strong><em>διὰ</em></strong></span> <span class='ocrx_word' id='word_1_209' title='bbox 457 2653 517 2709; x_wconf 87' lang='grc' dir='ltr'><strong><em>τοῦ</em></strong></span> <span class='ocrx_word' id='word_1_210' title='bbox 541 2641 658 2722; x_wconf 80' lang='grc' dir='ltr'><strong><em>ἄξονος</em></strong></span> <span class='ocrx_word' id='word_1_211' title='bbox 677 2640 842 2720; x_wconf 73' lang='grc' dir='ltr'><strong><em>ἰσοσκελὲς</em></strong></span> <span class='ocrx_word' id='word_1_212' title='bbox 859 2646 969 2728; x_wconf 78' lang='grc' dir='ltr'><strong><em>μεῖζόν</em></strong></span> <span class='ocrx_word' id='word_1_213' title='bbox 988 2643 1057 2708; x_wconf 79' lang='grc' dir='ltr'><strong><em>ἐστι</em></strong></span> <span class='ocrx_word' id='word_1_214' title='bbox 1076 2655 1139 2708; x_wconf 89' lang='grc' dir='ltr'><strong><em>τοῦ</em></strong></span> 
     </span>
     <span class='ocr_line' id='line_1_25' title="bbox 125 2747 1138 2836; baseline -0.003 -19"><span class='ocrx_word' id='word_1_215' title='bbox 125 2753 182 2818; x_wconf 75' lang='grc' dir='ltr'><strong><em>διὰ</em></strong></span> <span class='ocrx_word' id='word_1_216' title='bbox 205 2761 262 2836; x_wconf 76' lang='grc' dir='ltr'><strong><em>τῆς</em></strong></span> <span class='ocrx_word' id='word_1_217' title='bbox 279 2757 349 2818; x_wconf 86' lang='lat' dir='ltr'><strong><em>AB</em></strong></span> <span class='ocrx_word' id='word_1_218' title='bbox 370 2753 569 2828; x_wconf 85' lang='grc' dir='ltr'><strong><em>ίσοσκελοῦς.</em></strong></span> <span class='ocrx_word' id='word_1_219' title='bbox 606 2749 727 2834; x_wconf 86' lang='grc' dir='ltr'><strong><em>ὁμοίως</em></strong></span> <span class='ocrx_word' id='word_1_220' title='bbox 751 2747 787 2815; x_wconf 72' lang='grc' dir='ltr'><strong><em>δὲ</em></strong></span> <span class='ocrx_word' id='word_1_221' title='bbox 810 2751 988 2832; x_wconf 77' lang='grc' dir='ltr'><strong><em>δείκνυται,</em></strong></span> <span class='ocrx_word' id='word_1_222' title='bbox 1012 2751 1063 2814; x_wconf 84' lang='grc' dir='ltr'><strong><em>ὅτι</em></strong></span> <span class='ocrx_word' id='word_1_223' title='bbox 1082 2749 1138 2815; x_wconf 87' lang='grc' dir='ltr'><strong><em>καὶ</em></strong></span> 
     </span>
     <span class='ocr_line' id='line_1_26' title="bbox 71 2854 1140 2942; baseline 0.001 -21"><span class='ocrx_word' id='word_1_224' title='bbox 71 2872 106 2921; x_wconf 77' lang='lat'><strong><em>25</em></strong></span> <span class='ocrx_word' id='word_1_225' title='bbox 124 2859 259 2925; x_wconf 77' lang='grc' dir='ltr'><strong><em>πάντων</em></strong></span> <span class='ocrx_word' id='word_1_226' title='bbox 289 2869 356 2923; x_wconf 84' lang='grc' dir='ltr'><strong><em>τών</em></strong></span> <span class='ocrx_word' id='word_1_227' title='bbox 385 2854 504 2942; x_wconf 86' lang='grc' dir='ltr'><strong><em>μεταξὺ</em></strong></span> <span class='ocrx_word' id='word_1_228' title='bbox 534 2867 602 2922; x_wconf 83' lang='grc' dir='ltr'><strong><em>τών</em></strong></span> <span class='ocrx_word' id='word_1_229' title='bbox 633 2861 677 2940; x_wconf 93' lang='grc' dir='ltr'><strong><em>Β,</em></strong></span> <span class='ocrx_word' id='word_1_230' title='bbox 699 2862 733 2920; x_wconf 93' lang='grc' dir='ltr'><em>Δ</em></span> <span class='ocrx_word' id='word_1_231' title='bbox 763 2857 822 2933; x_wconf 81' lang='grc' dir='ltr'><strong><em>τὰς</em></strong></span> <span class='ocrx_word' id='word_1_232' title='bbox 851 2857 963 2940; x_wconf 90' lang='grc' dir='ltr'><strong><em>βᾶσεις</em></strong></span> <span class='ocrx_word' id='word_1_233' title='bbox 993 2856 1140 2940; x_wconf 83' lang='grc' dir='ltr'><strong><em>ἐχόντων</em></strong></span> 
     </span>
     <span class='ocr_line' id='line_1_27' title="bbox 124 2963 741 3052; baseline -0.005 -21"><span class='ocrx_word' id='word_1_234' title='bbox 124 2965 279 3052; x_wconf 78' lang='grc' dir='ltr'><strong><em>μέγιστόν</em></strong></span> <span class='ocrx_word' id='word_1_235' title='bbox 301 2963 370 3030; x_wconf 81' lang='grc' dir='ltr'><strong><em>ἐστι</em></strong></span> <span class='ocrx_word' id='word_1_236' title='bbox 392 2966 429 3030; x_wconf 88' lang='grc' dir='ltr'><strong><em>τὸ</em></strong></span> <span class='ocrx_word' id='word_1_237' title='bbox 453 2964 509 3029; x_wconf 77' lang='grc' dir='ltr'><strong><em>διὰ</em></strong></span> <span class='ocrx_word' id='word_1_238' title='bbox 531 2972 592 3029; x_wconf 89' lang='grc' dir='ltr'><strong><em>τοῦ</em></strong></span> <span class='ocrx_word' id='word_1_239' title='bbox 615 2963 741 3042; x_wconf 85' lang='grc' dir='ltr'><strong><em>ἄξονος.</em></strong></span> 
     </span>
    </p>
   </div>
   <div class='ocr_carea' id='block_1_3' title="bbox 126 3092 339 3103">
    <p class='ocr_par' dir='ltr' id='par_1_3' title="bbox 126 3092 339 3103">
     <span class='ocr_line' id='line_1_28' title="bbox 126 3092 339 3103; baseline -0.009 -2"><span class='ocrx_word' id='word_1_240' title='bbox 126 3092 339 3103; x_wconf 80' lang='lat'><strong><em>—--—--·</em></strong></span> 
     </span>
    </p>
   </div>
   <div class='ocr_carea' id='block_1_4' title="bbox 122 3152 1136 3423">
    <p class='ocr_par' dir='ltr' id='par_1_4' title="bbox 122 3152 1136 3423">
     <span class='ocr_line' id='line_1_29' title="bbox 195 3152 1136 3284; baseline -0.001 -73"><span class='ocrx_word' id='word_1_241' title='bbox 195 3163 220 3212; x_wconf 93' lang='lat'><strong><em>1.</em></strong></span> <span class='ocrx_word' id='word_1_242' title='bbox 240 3158 279 3284; x_wconf 47' lang='grc' dir='ltr'><strong><em>Ββ</em></strong></span> <span class='ocrx_word' id='word_1_243' title='bbox 291 3176 323 3228; x_wconf 85' lang='lat' dir='ltr'><strong><em>p,</em></strong></span> <span class='ocrx_word' id='word_1_244' title='bbox 347 3173 400 3212; x_wconf 91' lang='lat' dir='ltr'><strong><em>om.</em></strong></span> <span class='ocrx_word' id='word_1_245' title='bbox 419 3156 480 3226; x_wconf 82' lang='lat' dir='ltr'><strong><em>Vv,</em></strong></span> <span class='ocrx_word' id='word_1_246' title='bbox 504 3172 585 3211; x_wconf 72' lang='grc' dir='ltr'><strong><em>ουτω.</em></strong></span> <span class='ocrx_word' id='word_1_247' title='bbox 604 3172 627 3210; x_wconf 85' lang='grc' dir='ltr'><strong><em>ο.</em></strong></span> <span class='ocrx_word' id='word_1_248' title='bbox 714 3152 842 3226; x_wconf 77' lang='grc' dir='ltr'><strong><em>κέντρον]</em></strong></span> <span class='ocrx_word' id='word_1_249' title='bbox 861 3171 936 3224; x_wconf 78' lang='lat' dir='ltr'><strong>vop,</strong></span> <span class='ocrx_word' id='word_1_250' title='bbox 959 3152 1022 3210; x_wconf 86' lang='grc' dir='ltr'><strong><em>κε’ν-</em></strong></span> <span class='ocrx_word' id='word_1_251' title='bbox 1042 3156 1136 3226; x_wconf 86' lang='lat' dir='ltr'><strong>suppl.</strong></span> 
     </span>
     <span class='ocr_line' id='line_1_30' title="bbox 122 3225 1136 3423; baseline -0.002 -139"><span class='ocrx_word' id='word_1_252' title='bbox 122 3247 160 3284; x_wconf 87' lang='lat' dir='ltr'><strong><em>m.</em></strong></span> <span class='ocrx_word' id='word_1_253' title='bbox 179 3245 233 3284; x_wconf 81' lang='lat' dir='ltr'><strong>rec.</strong></span> <span class='ocrx_word' id='word_1_254' title='bbox 280 3272 286 3284; x_wconf 93' lang='lat'><strong>.</strong></span> <span class='ocrx_word' id='word_1_255' title='bbox 358 3226 406 3354; x_wconf 53' lang='lat' dir='ltr'><strong><em>ab)</em></strong></span> <span class='ocrx_word' id='word_1_256' title='bbox 426 3244 479 3282; x_wconf 88' lang='lat' dir='ltr'><strong><em>om.</em></strong></span> <span class='ocrx_word' id='word_1_257' title='bbox 499 3245 523 3282; x_wconf 89' lang='grc' dir='ltr'><strong><em>ο.</em></strong></span> <span class='ocrx_word' id='word_1_258' title='bbox 613 3233 637 3282; x_wconf 77' lang='lat'><strong><em>2.</em></strong></span> <span class='ocrx_word' id='word_1_259' title='bbox 657 3227 807 3298; x_wconf 76' lang='grc' dir='ltr'><strong><em>τριγώνου]</em></strong></span> <span class='ocrx_word' id='word_1_260' title='bbox 826 3242 879 3280; x_wconf 90' lang='lat' dir='ltr'><strong><em>om.</em></strong></span> <span class='ocrx_word' id='word_1_261' title='bbox 899 3245 925 3295; x_wconf 90' lang='lat' dir='ltr'><strong><em>p.</em></strong></span> <span class='ocrx_word' id='word_1_262' title='bbox 998 3225 1136 3423; x_wconf 53' lang='grc' dir='ltr'><strong><em>ἠγμένον]</em></strong></span> 
     </span>
    </p>
   </div>
   <div class='ocr_carea' id='block_1_5' title="bbox 121 3297 1137 3512">
    <p class='ocr_par' dir='ltr' id='par_1_5' title="bbox 121 3297 1137 3512">
     <span class='ocr_line' id='line_1_31' title="bbox 122 3297 1124 3374; baseline -0.004 -18"><span class='ocrx_word' id='word_1_263' title='bbox 122 3298 234 3374; x_wconf 81' lang='grc' dir='ltr'><strong><em>ἠγμένμ</em></strong></span> <span class='ocrx_word' id='word_1_264' title='bbox 252 3300 312 3371; x_wconf 84' lang='lat' dir='ltr'><strong><em>Vc,</em></strong></span> <span class='ocrx_word' id='word_1_265' title='bbox 330 3300 386 3370; x_wconf 76' lang='grc' dir='ltr'><strong><em>ἠγμ</em></strong></span> <span class='ocrx_word' id='word_1_266' title='bbox 401 3319 453 3356; x_wconf 89' lang='grc' dir='ltr'><strong><em>νον</em></strong></span> <span class='ocrx_word' id='word_1_267' title='bbox 471 3298 608 3368; x_wconf 81' lang='grc' dir='ltr'><strong><em>τριγώνου</em></strong></span> <span class='ocrx_word' id='word_1_268' title='bbox 625 3316 652 3368; x_wconf 90' lang='lat' dir='ltr'><strong><em>p.</em></strong></span> <span class='ocrx_word' id='word_1_269' title='bbox 727 3302 750 3351; x_wconf 83' lang='grc'><strong><em>7.</em></strong></span> <span class='ocrx_word' id='word_1_270' title='bbox 769 3297 837 3368; x_wconf 83' lang='grc' dir='ltr'><strong><em>τῶν]</em></strong></span> <span class='ocrx_word' id='word_1_271' title='bbox 857 3313 911 3352; x_wconf 89' lang='lat' dir='ltr'><strong><em>om.</em></strong></span> <span class='ocrx_word' id='word_1_272' title='bbox 930 3315 957 3366; x_wconf 90' lang='lat' dir='ltr'><strong><em>p.</em></strong></span> <span class='ocrx_word' id='word_1_273' title='bbox 1024 3304 1064 3351; x_wconf 78' lang='lat'><strong><em>14.</em></strong></span> <span class='ocrx_word' id='word_1_274' title='bbox 1085 3297 1124 3366; x_wconf 80' lang='grc' dir='ltr'><strong><em>δή</em></strong></span> 
     </span>
     <span class='ocr_line' id='line_1_32' title="bbox 123 3367 1120 3442; baseline -0.004 -16"><span class='ocrx_word' id='word_1_275' title='bbox 123 3389 205 3427; x_wconf 79' lang='lat' dir='ltr'><strong>enan.</strong></span> <span class='ocrx_word' id='word_1_276' title='bbox 224 3388 247 3426; x_wconf 86' lang='grc' dir='ltr'><strong><em>ο.</em></strong></span> <span class='ocrx_word' id='word_1_277' title='bbox 321 3376 362 3426; x_wconf 83' lang='grc'><strong><em>17.</em></strong></span> <span class='ocrx_word' id='word_1_278' title='bbox 381 3371 413 3426; x_wconf 84' lang='grc' dir='ltr'><strong><em>τὸ</em></strong></span> <span class='ocrx_word' id='word_1_279' title='bbox 431 3369 499 3442; x_wconf 76' lang='grc' dir='ltr'><strong><em>ἄρα]</em></strong></span> <span class='ocrx_word' id='word_1_280' title='bbox 517 3368 562 3423; x_wconf 83' lang='lat' dir='ltr'><strong><em>bis</em></strong></span> <span class='ocrx_word' id='word_1_281' title='bbox 580 3368 614 3424; x_wconf 87' lang='lat' dir='ltr'><strong><em>V.</em></strong></span> <span class='ocrx_word' id='word_1_282' title='bbox 687 3373 730 3423; x_wconf 90' lang='grc'><strong><em>19.</em></strong></span> <span class='ocrx_word' id='word_1_283' title='bbox 747 3367 876 3440; x_wconf 75' lang='grc' dir='ltr'><strong><em>τό(ο1λ.)]</em></strong></span> <span class='ocrx_word' id='word_1_284' title='bbox 894 3387 926 3438; x_wconf 86' lang='lat' dir='ltr'><strong><em>p,</em></strong></span> <span class='ocrx_word' id='word_1_285' title='bbox 944 3368 976 3423; x_wconf 81' lang='grc' dir='ltr'><strong><em>τὸ</em></strong></span> <span class='ocrx_word' id='word_1_286' title='bbox 994 3367 1025 3422; x_wconf 85' lang='grc' dir='ltr'><strong><em>τό</em></strong></span> <span class='ocrx_word' id='word_1_287' title='bbox 1045 3370 1079 3437; x_wconf 87' lang='lat' dir='ltr'><strong><em>V,</em></strong></span> <span class='ocrx_word' id='word_1_288' title='bbox 1104 3390 1120 3422; x_wconf 90' lang='grc' dir='ltr'><strong><em>τ</em></strong></span> 
     </span>
     <span class='ocr_line' id='line_1_33' title="bbox 121 3439 1137 3512; baseline -0.001 -17"><span class='ocrx_word' id='word_1_289' title='bbox 121 3443 209 3511; x_wconf 55' lang='lat' dir='ltr'><strong><em>Avo.</em></strong></span> <span class='ocrx_word' id='word_1_290' title='bbox 266 3442 318 3512; x_wconf 81' lang='grc' dir='ltr'><strong><em>τήν</em></strong></span> <span class='ocrx_word' id='word_1_291' title='bbox 345 3458 398 3498; x_wconf 88' lang='lat' dir='ltr'><strong><em>om.</em></strong></span> <span class='ocrx_word' id='word_1_292' title='bbox 409 3459 432 3497; x_wconf 86' lang='grc' dir='ltr'><strong><em>ο.</em></strong></span> <span class='ocrx_word' id='word_1_293' title='bbox 489 3446 531 3496; x_wconf 75' lang='lat'><strong><em>24.</em></strong></span> <span class='ocrx_word' id='word_1_294' title='bbox 550 3448 599 3511; x_wconf 80' lang='grc' dir='ltr'><strong><em>τῆς</em></strong></span> <span class='ocrx_word' id='word_1_295' title='bbox 625 3447 675 3494; x_wconf 80' lang='grc' dir='ltr'><strong><em>τοῦ</em></strong></span> <span class='ocrx_word' id='word_1_296' title='bbox 688 3457 716 3509; x_wconf 88' lang='lat' dir='ltr'><strong><em>p.</em></strong></span> <span class='ocrx_word' id='word_1_297' title='bbox 767 3439 935 3510; x_wconf 81' lang='grc' dir='ltr'><strong><em>ἰσοσκελοος]</em></strong></span> <span class='ocrx_word' id='word_1_298' title='bbox 950 3458 977 3508; x_wconf 86' lang='lat' dir='ltr'><strong><em>p,</em></strong></span> <span class='ocrx_word' id='word_1_299' title='bbox 997 3439 1137 3502; x_wconf 82' lang='grc' dir='ltr'><strong><em>ἰσοσκελές</em></strong></span> 
     </span>
    </p>
   </div>
   <div class='ocr_carea' id='block_1_6' title="bbox 112 3441 1136 3588">
    <p class='ocr_par' dir='ltr' id='par_1_6' title="bbox 112 3441 1136 3588">
     <span class='ocr_line' id='line_1_34' title="bbox 112 3441 1136 3588; baseline 0.001 -24"><span class='ocrx_word' id='word_1_300' title='bbox 112 3511 160 3568; x_wconf 80' lang='lat' dir='ltr'><strong><em>Vo,</em></strong></span> <span class='ocrx_word' id='word_1_301' title='bbox 225 3519 269 3569; x_wconf 83' lang='lat'><strong><em>26.</em></strong></span> <span class='ocrx_word' id='word_1_302' title='bbox 290 3444 338 3588; x_wconf 68' lang='grc' dir='ltr'><strong><em>τώ]</em></strong></span> <span class='ocrx_word' id='word_1_303' title='bbox 356 3533 409 3572; x_wconf 88' lang='lat' dir='ltr'><strong><em>om.</em></strong></span> <span class='ocrx_word' id='word_1_304' title='bbox 427 3514 485 3588; x_wconf 87' lang='lat' dir='ltr'><strong><em>Vc,</em></strong></span> <span class='ocrx_word' id='word_1_305' title='bbox 505 3514 538 3570; x_wconf 84' lang='grc' dir='ltr'><strong><em>τὸ</em></strong></span> <span class='ocrx_word' id='word_1_306' title='bbox 556 3441 695 3586; x_wconf 60' lang='grc' dir='ltr'><strong><em>τρώγωυου</em></strong></span> <span class='ocrx_word' id='word_1_307' title='bbox 708 3509 741 3566; x_wconf 74' lang='grc' dir='ltr'><strong><em>τό</em></strong></span> <span class='ocrx_word' id='word_1_308' title='bbox 757 3529 787 3581; x_wconf 87' lang='lat' dir='ltr'><strong><em>p.</em></strong></span> <span class='ocrx_word' id='word_1_309' title='bbox 844 3509 972 3580; x_wconf 55' lang='grc' dir='ltr'><strong><em>διᾶτοολ</em></strong></span> <span class='ocrx_word' id='word_1_310' title='bbox 984 3510 1016 3563; x_wconf 76' lang='lat' dir='ltr'><strong><em>in</em></strong></span> <span class='ocrx_word' id='word_1_311' title='bbox 1032 3528 1086 3565; x_wconf 79' lang='lat' dir='ltr'><strong>ras.</strong></span> <span class='ocrx_word' id='word_1_312' title='bbox 1107 3529 1136 3579; x_wconf 88' lang='lat' dir='ltr'><strong><em>p.</em></strong></span> 
     </span>
    </p>
   </div>
   <div class='ocr_carea' id='block_1_7' title="bbox 0 0 1220 3854">
    <p class='ocr_par' dir='ltr' id='par_1_7' title="bbox 0 0 1220 3854">
     <span class='ocr_line' id='line_1_35' title="bbox 0 0 1220 3854; baseline 0 0"><span class='ocrx_word' id='word_1_313' title='bbox 0 0 1220 3854; x_wconf 95' lang='lat' dir='ltr'><strong><em> </em></strong></span> 
     </span>
    </p>
   </div>
  </div>
 </body>
</html>
