2430 3854
420 114 469 162 nn
489 113 665 164 suerrona
685 113 778 163 cour.
1040 109 1103 171 217

95 253 206 339 itaque
236 260 382 331 [ΑΒΗ
410 278 474 320 unc
502 259 591 320 recto
620 255 726 318 minor
758 258 821 332 est3
858 254 975 336 reliqui
1005 255 1107 340 igitur

94 364 200 424 ΑΒΑ
221 365 260 443 -Ι-
281 367 392 426 ΑΒΗ
419 363 557 427 maiores
591 367 667 426 sunt
699 361 804 425 tribus
832 360 939 424 rectis.
994 383 1106 425 uerum

95 472 304 541 [ΑΒΗ-ε
324 473 442 551 ΑΓΛ;
488 469 597 552 itaque
635 471 779 543 [ΑΓΛ
800 470 839 548 -l-
860 472 965 531 ΑΒΔ
1001 468 1105 532 tribus

93 575 192 638 rectis
241 575 379 639 maiores
428 580 512 640 sunt.
581 576 745 640 auferatur
790 579 897 639 rectus
943 581 1015 650 [Α
1022 580 1051 638 Β
1062 579 1106 661 Γ;

94 686 126 743 Α
133 684 198 744 ΓΔ
219 684 258 762 -l-
280 686 380 747 ΓΒΛ
415 683 517 768 igitur
552 683 678 746 duobus
715 682 812 746 rectis
845 681 984 746 maiores
1022 687 1105 746 sunt.

95 787 249 869 quoniam
267 789 370 874 igitur
389 794 448 864 [Β
456 793 520 854 ΓΛ
532 794 570 869 -l-
583 796 615 853 A
622 793 681 853 ΓΒ
695 793 733 869 -l-
747 792 842 852 ΓΒΔ
864 789 988 852 duobus
1008 789 1105 854 rectis

94 893 234 958 maiores
258 900 347 979 sunt,
375 899 477 960 ΒΓΑ
495 899 534 976 -Ι-
552 900 618 960 ΓΛ
623 900 651 958 Β
668 900 706 976 †
725 898 825 959 ΓΒΛ
848 900 956 960 autem
980 896 1104 960 duobus

94 1001 193 1065 rectis
218 1003 365 1084 aequales
390 1002 495 1087 [Eucl.
515 1001 540 1087 Ι,
559 1003 630 1087 32],
654 1003 716 1067 erit
739 1007 872 1078 [ΑΓΒ
888 1014 920 1074 >
938 1005 1045 1066 ΓΑΒ.

567 1198 632 1262 XL.

132 1336 134 1338 ’
162 1319 197 1384 si
214 1321 250 1384 in
269 1344 350 1387 cono
370 1324 497 1388 scaleno
514 1346 572 1408 per
589 1323 745 1387 uerticem
758 1323 864 1406 planis
884 1322 1104 1406 compluribus

94 1431 182 1490 secto
201 1428 236 1491 in
254 1429 388 1493 basibus
406 1429 569 1514 parallelis
589 1429 744 1515 trianguli
763 1430 956 1513 aequicrurii
975 1432 1015 1494 ad
1034 1453 1105 1494 eam

92 1538 220 1616 partem
243 1557 356 1599 uersus
381 1541 622 1620 construuntur,
646 1559 665 1599 a
684 1559 747 1620 qua
766 1537 834 1600 axis
853 1536 1027 1601 reclinatus
1046 1542 1105 1622 est,

88 1640 274 1724 ,triangulus
299 1642 519 1725 aequicrurius
542 1665 599 1726 per
622 1665 714 1707 axem
733 1644 848 1707 ductus
867 1644 1104 1728 triangulorum

92 1746 379 1833 aequicruriorum‚
402 1749 451 1812 uti
470 1749 619 1834 diximus,
638 1753 899 1814 constructorum
916 1771 1019 1833 neque
1040 1772 1105 1813 em-

91 1852 182 1915 nium
206 1854 366 1918 maximus
390 1859 440 1919 est
463 1878 566 1939 neque
590 1855 743 1920 minimus
767 1855 920 1919 omnium.

724 1963 768 2027 sit
791 1984 901 2046 conus,
924 1961 1014 2026 cuius
1034 1962 1102 2025 axis

664 2069 707 2133 sit
743 2075 775 2132 A
782 2072 827 2151 B,
868 2068 956 2132 basis
993 2073 1102 2132 autem

662 2174 800 2239 circulus
829 2175 950 2239 circum
976 2178 1004 2237 Β
1033 2197 1104 2238 cen-

662 2287 750 2346 trum
785 2282 980 2367 descriptus,
1017 2295 1101 2347 com·

583 2421 609 2476 A
662 2388 769 2452 munis
780 2393 889 2452 autem
900 2389 1001 2453 sectio
1010 2389 1100 2474 plani

660 2517 718 2579 per
751 2518 843 2558 axem
876 2496 916 2559 ad
944 2495 1100 2560 circulum

664 2601 940 2685 perpendicularis
973 2601 1101 2666 circuli-

662 2730 723 2792 que
738 2707 782 2773 sit
796 2712 904 2794 ΓΒΑ,
919 2714 952 2773 et
966 2713 1101 2784 [ΑΒΔ

662 2814 768 2878 minor
798 2815 842 2879 sit
871 2820 969 2879 recte.
1020 2815 1101 2900 dice,

662 2919 863 3005 triangulum
938 2921 1102 3004 aequicru-

90 3017 177 3080 rium
200 3041 257 3101 per
281 3043 372 3084 axem
396 3023 529 3087 ductum
555 3024 793 3110 triangulorum
816 3026 1102 3112 aequicruriorum,

90 3124 146 3207 qui
180 3125 273 3190 bases
301 3127 387 3191 inter
413 3135 534 3213 puncta
562 3134 602 3215 Γ,
625 3137 654 3195 Β
681 3133 837 3197 habentes
866 3137 1103 3218 construantur,
1139 3160 1140 3163 ¹

91 3253 196 3313 neque
221 3233 397 3298 maximum
421 3258 490 3300 esse
515 3236 660 3300 omnium
681 3261 785 3321 neque
808 3238 987 3302 minimum.

158 3339 226 3403 axis
245 3340 349 3425 igitur
367 3346 424 3405 aut
442 3341 548 3406 minor
567 3348 617 3407 est
635 3344 725 3408 radio
740 3344 827 3409 basis
843 3350 900 3409 aut
914 3346 943 3409 ei
957 3344 1100 3429 aequalis

86 3449 143 3506 aut
164 3446 276 3513 maior.
1090 3460 1142 3543 ι.
