2430 3854
123 183 188 245 236
438 186 525 235 ΠΕΡΙ
543 184 672 235 Κωωον
691 185 826 237 ΤοΜΗΣ.

123 335 239 391 κοινοῦ
263 329 327 412 ἄρα
346 327 587 412 προστεθέντος
605 336 664 391 τοῦ
684 327 747 392 ἄπὸ
766 336 824 410 τῆς
842 332 874 392 A
881 332 913 392 Γ
925 328 966 392 τὰ
986 327 1051 392 ἀπὸ
1070 341 1136 394 τών

125 438 200 517 ΖΓ,
221 438 280 498 ΓΑ
299 445 366 498 τῶν
384 433 447 498 ἄπὸ
467 447 534 499 τῶν
552 438 634 517 ΗΓ,
654 438 714 498 ΓΑ
732 435 865 518 μείζονά
883 433 963 518 ε’στι,
984 435 1135 500 τουτέστι

123 542 160 605 τὸ
184 540 248 605 ἄπὸ
269 545 333 604 ZA
355 548 415 604 τοῦ
439 539 503 603 ἀπὸ
523 544 599 603 AH
617 543 727 624 μεῖζόν
751 539 832 604 ἐστι·
856 544 975 623 μείζων
996 543 1062 626 ἄρα
1079 541 1133 606 καὶ

124 648 144 731 ἡ
164 652 230 711 ZA
252 655 310 729 τῆς
328 651 408 711 AH.
446 645 514 711 ἐπεὶ
536 642 599 711 οὖν
617 649 655 711 αί
670 643 730 730 μὲν
750 651 826 730 ΖΒ,
846 652 920 711 ΒΗ
935 654 1015 730 ίσαι,
1039 650 1132 731 κοινὴ

80 739 104 813 ’5
124 752 160 818 δὲ
183 755 203 837 ἡ
227 758 308 836 ΒΑ,
331 756 448 836 μείζων
472 750 508 816 δὲ
531 753 551 835 ἡ
577 757 642 816 ZA
664 763 722 836 τῆς
744 758 831 836 ΑΗ,
854 755 874 837 ἡ
897 750 958 838 μὲν
982 756 1048 839 ἄρα
1069 755 1133 819 ὑπὸ

126 865 225 925 ΖΒΑ
248 861 353 943 γωνία
377 859 514 944 ἄμβλείᾶ
538 858 642 943 ἐστιν,
665 860 685 942 ἡ
710 856 746 923 δὲ
768 860 833 924 ὑπὸ
857 865 969 924 ΑΒΗ
987 859 1091 938 ὀξεῖα·
1115 863 1133 944 ἡ

124 969 188 1050 ἄρα
220 965 283 1030 ἄπὸ
315 975 375 1031 τοῦ
403 972 436 1030 A
466 966 607 1041 κᾶθετος
641 964 693 1031 ἐπὶ
725 967 786 1050 τὴν
815 971 887 1031 ΖΗ
917 965 969 1031 ἐπὶ
997 969 1039 1031 τὰ
1066 972 1138 1031 ΒΗ

124 1071 205 1158 μέρη
223 1077 358 1174 πίπτει.Ι
380 1072 501 1156 ὁμοίως
519 1069 556 1136 δὲ
574 1073 783 1156 δειχθήσεται
797 1071 853 1137 καὶ
867 1072 1002 1138 ἐπὶτῶν
1016 1076 1133 1139 ἄλλων.

184 1337 282 1404 Ὥστε
312 1342 473 1425 φανερόν,
506 1340 557 1404 ὅτι
585 1341 622 1404 αί
645 1338 879 1425 προειρημέναι
906 1339 1045 1404 κάθετοι
1073 1340 1134 1404 ἀπὸ

73 1464 107 1512 10
126 1447 291 1530 μετεώρου
331 1453 391 1509 τοῦ
427 1451 460 1509 A
501 1449 637 1530 σημείου
675 1443 727 1509 ἐπὶ
763 1445 887 1509 κύκλου
923 1444 1135 1531 περιφέρειαν

125 1554 304 1615 πίπτουσαι
340 1552 422 1616 κατὰ
459 1551 652 1635 ἐπιφανείας
684 1553 900 1634 οίσθήσονται
932 1553 1059 1635 κώνου,
1097 1549 1134 1616 οὗ

126 1657 222 1739 βᾶσις
240 1653 300 1741 μὲν
319 1657 336 1723 ὁ
350 1658 416 1722 ὑπὸ
430 1669 498 1724 τών
510 1660 667 1723 πτώσεων
680 1669 748 1723 τών
761 1656 913 1722 καθέτων
926 1663 1135 1744 γραφόμενος

125 1764 256 1848 κύκλος,
279 1765 410 1849 κορυφὴ
434 1760 471 1828 δὲ
494 1764 514 1847 ἡ
538 1765 620 1848 αὐτὴ
643 1774 689 1853 τῳ
713 1762 745 1841 ἐξ
769 1763 870 1849 ἀρχῆς
892 1764 999 1852 κώνῳ.

599 1994 660 2079 ιζ’·

74 2154 107 2203 15
191 2137 245 2203 Ἐν
276 2140 372 2227 κώνῳ
405 2143 558 2224 σκαληνῳ
591 2136 751 2214 δοθέντος
780 2138 871 2213 τινὸς
897 2148 965 2201 τών
994 2139 1050 2202 διὰ
1077 2146 1134 2202 τοῦ

127 2244 244 2323 ἄξονος
261 2246 444 2331 τριγώνων,
464 2244 481 2309 ὃ
500 2245 580 2328 μήτε
598 2242 752 2328 μέγιστόν
772 2243 841 2310 ἐστι
859 2245 938 2327 μήτε
953 2243 1134 2327 έλᾶχιστον,

126 2352 236 2437 εὑρεῖν
264 2350 378 2437 ἕτερον
404 2355 569 2437 τρίγωνον
598 2351 653 2414 διὰ
680 2358 739 2414 τοῦ
768 2348 897 2433 ἄξονος,
926 2348 943 2414 ὃ
973 2351 1054 2434 μετᾶ
1077 2359 1134 2413 τοῦ

128 2457 288 2536 δοθέντος
312 2465 385 2524 ίσον
409 2461 499 2522 ἔσται
523 2455 762 2544 συναμφοτέρῳ
786 2467 831 2544 τῳ
855 2458 997 2542 μεγίστῳ
1017 2453 1134 2542 καὶτῷ

127 2564 285 2654 ἐλαχίστῳ
308 2576 376 2630 τών
399 2565 455 2630 διδι
478 2572 538 2629 τοῦ
563 2561 688 2640 ἄξονος.

74 2685 108 2734 20
195 2674 276 2736 ἔστω
317 2681 424 2746 κῶνος
465 2673 641 2753 σκαληνός,
683 2665 724 2735 οὗ
764 2670 895 2755 κορυφὴ
934 2665 995 2752 μὲν
1032 2671 1070 2733 τὸ
1107 2675 1136 2732 Α

128 2789 278 2861 σημεῖον,
301 2776 397 2859 βᾶσις
420 2772 457 2840 δὲ
480 2776 497 2842 ὁ
520 2775 596 2861 περὶ
618 2777 655 2840 τὸ
679 2781 708 2840 Β
731 2775 869 2860 κέντρον
891 2776 1028 2858 κύκλος,
1052 2773 1136 2852 ἄξων

200 3047 223 3095 1.
244 3039 312 3112 ἄρα]
331 3056 384 3093 om.
403 3058 430 3109 p.
490 3036 705 3110 προστεθέντος]
722 3057 750 3107 p,
769 3035 958 3106 προτεθέντος
975 3037 1031 3093 Vc.
1092 3036 1135 3107 τώ]

128 3111 239 3183 scripsi,
263 3109 294 3165 τί
313 3111 390 3180 ch.
481 3115 506 3165 2.
527 3111 602 3182 ΗΓ]
622 3128 676 3180 vp,
701 3114 731 3164 Η
747 3125 827 3163 enan.
846 3109 880 3178 V,
906 3112 969 3162 ΝΓ
984 3125 1007 3163 ο.
1082 3106 1135 3177 μεί-

128 3181 445 3256 ζονα]μ,μεῖζονῖίο.
518 3185 542 3235 3.
565 3182 624 3253 ΖΑ]
643 3185 761 3251 τῆςΑΖ
777 3199 805 3249 p.
878 3181 949 3251 ΑΗ]
968 3188 1018 3249 τῆς
1039 3185 1096 3233 ΖΗ
1110 3198 1134 3248 p.

163 3263 187 3310 4.
212 3255 284 3326 ΒΗ]
307 3257 365 3307 ΑΗ
385 3253 467 3322 ch,
496 3269 564 3306 corr.
585 3251 688 3307 Comm.
762 3250 831 3322 ίσαι]
856 3250 914 3305 ίσαι
938 3248 990 3305 εἰσί
1013 3270 1040 3321 p.
1113 3256 1134 3303 6.

128 3327 213 3397 ἐστιν]
238 3322 326 3395 γωνία
345 3321 419 3380 ἐστίν
437 3342 465 3393 p.
539 3330 562 3378 9.
583 3322 636 3396 ὅτι]
656 3340 706 3393 cp,
732 3339 785 3376 om.
805 3341 835 3391 v,
860 3321 875 3376 ἄ
893 3343 920 3376 τι
938 3323 964 3377 V
983 3340 1069 3391 supra
1088 3339 1134 3374 scr.

128 3395 215 3466 -Ι-ὅτι
232 3411 337 3451 m.rec.
411 3401 453 3449 10.
473 3414 521 3449 -ον
539 3395 601 3466 τοῦ]
621 3412 636 3448 ο
655 3409 724 3449 corr.
740 3413 768 3518 p
842 3399 883 3448 11.
904 3388 949 3464 ού]
968 3412 996 3462 p,
1016 3411 1070 3448 om.
1085 3393 1133 3446 Vc.

156 3474 198 3523 16,
221 3467 253 3524 ἐν
267 3501 303 3510 -
314 3486 342 3540 p.
361 3473 421 3539 238,
442 3471 484 3523 15.
505 3465 730 3538 ovvaptpfivsqoqp
764 3464 790 3518 is
808 3466 933 3534 c(c¹c²).
990 3471 1033 3520 15.
1051 3463 1133 3532 τινός]

107 3553 161 3593 0111.
185 3541 222 3596 οἳ.
290 3547 331 3598 17.
354 3540 418 3617 διώ]
438 3540 485 3598 bis
504 3541 542 3598 V.
608 3545 653 3595 ⁶20.
673 3538 711 3610 A}
725 3545 837 3605 πρώτον
857 3535 895 3588 ἄ.
