2430 3854
118 159 162 224 24
388 162 476 211 ΠΕΡΙ
486 160 709 240 ’ΚΤΛΙΝΔΡΟΤ
726 160 861 211 ΤΟΜΗΣ.

115 308 186 369 ΓΔ
209 305 352 369 εὐθειῶν
375 303 586 388 ἐκβεβλήσθω
611 303 766 368 ἐπίπεδον
789 301 908 387 τέμνον
935 303 995 366 τὸν
1016 302 1131 366 κύλιν-

120 411 215 496 δρον·
238 409 307 493 ἥξει
331 413 395 496 άρα
417 412 437 495 η
456 412 538 494 τομὴ
560 411 616 474 διά
634 419 694 475 τοῦ
713 413 746 474 Γ
762 407 818 474 καὶ
840 410 969 492 ποιησει
993 408 1133 473 εὐθεῖαν

120 517 165 594 ὡς
187 520 248 601 τὴν
271 521 346 602 ΓΕ,
369 518 441 601 ἥτις
464 515 532 582 ἐστὶ
554 519 680 601 πλευρά
702 525 762 581 τοῦ
784 517 975 600 κυλίνδρου.

604 755 646 812 η.

85 865 101 914 ο
185 854 261 920 Ἐάν
288 852 340 919 ἐπὶ
367 855 549 938 κυλίνδρου
575 853 768 937 ἐπιφανείας
790 855 852 918 δύο
876 867 992 938 σημεῖα
1015 859 1132 940 ληφθῇ

121 964 164 1047 μὴ
189 960 241 1026 ἐπὶ
264 970 340 1044 μιᾶς
363 961 443 1025 ὄντα
465 965 609 1046 πλευρᾶς
631 971 691 1026 τοῦ
709 961 1051 1045 παραλληλογράμμου
1070 970 1132 1026 τοῦ

118 1070 178 1133 διδι
195 1077 255 1133 τοῦ
274 1066 392 1144 ἄξονος
410 1076 469 1131 τοῦ
492 1069 685 1154 κυλίνδρου,
703 1067 723 1150 ἡ
743 1066 997 1151 ἐπιζευγνυμένη
1016 1069 1133 1133 εὐθεῖα

122 1175 214 1251 ἐντὸς
236 1186 382 1238 πεσεῖται
404 1183 462 1257 της
484 1182 543 1238 τοῦ
567 1175 749 1258 κυλίνδρου
773 1173 973 1257 ἐπιφανείας.

188 1283 270 1345 ἔστω
298 1281 489 1365 κύλινδρος,
516 1276 556 1345 οὗ
578 1281 691 1365 βάσεις
714 1279 799 1345 είσλν
821 1282 856 1344 οί
881 1286 927 1363 Α,
950 1285 978 1344 Β
1005 1281 1134 1363 κύκλοι,

70 1397 104 1446 10
122 1385 177 1451 καλ
200 1388 351 1470 εἰλήφθω
371 1385 424 1452 ἐπὶ
447 1396 504 1470 της
527 1386 719 1470 ἐπιφανείας
742 1387 844 1452 αὐτοῦ
868 1388 930 1451 δύο
954 1395 1069 1471 σημεῖα
1092 1389 1135 1452 τὰ

123 1496 164 1575 Γ,
178 1498 211 1556 Λ
229 1494 273 1576 μη
292 1493 372 1558 ὄντα
391 1491 538 1576 ἐπὶιμιᾶς
555 1498 699 1578 πλευρᾶς
714 1502 775 1557 τοῦ
788 1494 1133 1579 παραλληλογράμμου

122 1608 181 1663 τοῦ
210 1600 266 1662 διδι
293 1607 352 1663 τοῦ
380 1597 496 1676 άξονος
523 1608 582 1664 τοῦ
605 1601 802 1684 κυλίνδρου,
825 1598 879 1664 καὶ
903 1599 1086 1684 ἐπεζεύχθω
1110 1601 1132 1684 ἡ

123 1709 188 1770 ΓΛ
216 1705 339 1769 εὐθεῖα.
386 1704 484 1788 λέγω,
512 1706 562 1770 ὅτι
587 1705 609 1788 η
639 1709 704 1771 ΓΛ
733 1705 823 1782 ἐντὸς
850 1710 959 1771 πίπτει
982 1715 1039 1789 τῆς
1063 1707 1133 1772 ἐπι-

122 1817 269 1897 φανείας.
777 1807 780 1811 ’
1062 1842 1063 1846 “

71 1932 127 1981 1ο
190 1921 220 1983 εί
246 1919 309 2003 γάρ
337 1918 496 2000 δυνατόν,
523 1916 665 1982 πιπτέτω
693 1917 714 2000 ἢ
742 1915 794 1984 ἐπὶ
817 1928 875 2002 της
898 1919 1090 2003 ἐπιφανείας
1114 1919 1135 2002 ἢ

123 2023 215 2101 ἐκτὸς
238 2023 348 2107 αὐτῆς.
393 2021 449 2087 καὶ
472 2021 541 2088 ἐπεὶ
564 2025 604 2087 τά
627 2027 669 2108 Γ,
688 2030 721 2088 Δ
743 2036 860 2109 σημεῖα
883 2026 944 2089 οὔκ
968 2025 1057 2090 ἐστιν
1080 2025 1135 2090 ἐπὶ

123 2141 181 2214 τῆς
204 2131 305 2213 αὐτῆς
326 2135 471 2214 πλευρᾶς
493 2139 553 2195 τοῦ
576 2131 769 2218 κυλίνδρου,
792 2133 886 2215 ἤχθω
911 2133 967 2196 διὰ
990 2128 1050 2215 μὲν
1073 2142 1135 2196 τοῦ

124 2242 157 2303 Γ
180 2238 200 2321 ἡ
227 2241 325 2302 ΕΓΖ
352 2237 492 2322 πλευρά,
520 2237 576 2301 διά
603 2235 640 2302 δέ
667 2247 727 2302 τοῦ
751 2244 784 2302 Δ
805 2237 826 2320 η
850 2243 973 2322 ΗΔΘ,
999 2237 1054 2302 καὶ
1080 2238 1136 2303 ἐπ-

124 2346 333 2427 εζεύχθωσαν
356 2345 393 2409 αλ
413 2348 497 2426 ΕΗ,
522 2348 586 2408 ΖΘ
608 2345 750 2408 εὐθεῖαι·
774 2345 867 2421 ἐντὸς
891 2347 954 2430 άρα
977 2349 1136 2410 πίπτουσι

72 2463 106 2512 20
122 2460 192 2515 τῶν
215 2451 346 2525 κύκλων
367 2452 405 2514 αι’
419 2455 503 2533 ΕΗ,
525 2455 595 2514 ΖΘ.
632 2453 783 2534 εἰλήφθω
802 2476 834 2515 τι
852 2464 988 2535 σημεῖον
1007 2451 1059 2516 ἐπὶ
1078 2462 1138 2536 τῆς

127 2561 191 2620 ΓΛ
214 2557 250 2620 τὸ
270 2559 314 2619 Κ·
351 2556 388 2618 τὸ
412 2558 454 2639 δὴ
473 2560 508 2620 Κ
527 2557 600 2638 ἤτοι
624 2554 676 2620 ἐπὶ
698 2566 756 2640 της
778 2556 971 2641 ἐπιφανείας
988 2555 1057 2622 ἐστὶ
1075 2568 1136 2623 τοῦ

125 2663 308 2746 κυλίνδρου
330 2661 350 2744 ἢ
369 2663 468 2738 ἐκτός.
506 2666 588 2726 ἔστω
606 2665 768 2747 πρότερον
787 2662 840 2728 ἐπὶ
858 2674 916 2747 τῆς
934 2663 1138 2749 ἐπιφανείας,

126 2767 180 2834 καὶ
209 2769 264 2832 διά
291 2776 351 2832 τοῦ
375 2773 409 2833 Κ
428 2770 523 2852 ἤχθω
546 2770 671 2854 πλευρὰ
694 2779 754 2834 τοῦ
776 2772 957 2858 κυλίνδρου
981 2772 1001 2855 ἡ
1025 2776 1144 2836 ΛΚΜ

127 2876 242 2940 εὐθεῖα
264 2876 430 2939 πίπτουσα
453 2872 505 2939 ἐπὶ
527 2876 585 2952 τὰς
603 2880 686 2960 ΕΗ,
707 2881 770 2942 ΖΘ
789 2881 999 2962 περιφερείας
1022 2878 1138 2961 ἐκβαλ-

74 2992 108 3042 25
128 2980 259 3065 λομένη.
304 2981 489 3069 οὐδετέραν,
505 2984 569 3070 άρα
591 2996 682 3067 τεμεῖ
702 2996 769 3050 τῶν
791 2988 874 3068 ΕΗ,
895 2989 958 3048 ΖΘ
981 2986 1137 3050 εὐθειῶν·

126 3132 168 3142 ...-

198 3233 221 3281 3.
244 3228 313 3299 ΓΕ]
332 3227 413 3297 ch,
436 3233 517 3284 ΖΓΕ
534 3228 645 3298 Halley‚
667 3233 688 3284 Ζ
706 3229 758 3284 ins.
778 3247 814 3284 m.
834 3235 849 3282 2
870 3230 930 3285 cod.
947 3230 1035 3286 Paris.
1057 3237 1137 3303 2367,

127 3315 301 3385 eoscomm.
387 3317 506 3390 πλευρά]
525 3335 601 3387 vop,
630 3315 831 3387 -pozeuansv,
919 3326 943 3375 5.
963 3321 1027 3392 δίο]
1047 3309 1138 3391 δλῑε.

162 3389 272 3459 ληφθῇ]
292 3387 416 3458 ληφθείη
432 3408 459 3459 p.
515 3394 538 3446 9,
559 3387 640 3460 εἰσίν]
661 3387 782 3444 ἔστωσαν
799 3408 826 3458 p.
883 3391 925 3463 οἱ]
945 3408 1013 3447 corr.
1030 3408 1064 3446 ex
1077 3393 1095 3462 ἡ
1109 3411 1138 3462 p.

46 3448 53 3499 l
154 3500 198 3545 10.
221 3483 332 3564 δάο],δ
345 3511 366 3549 ο.
452 3501 493 3551 13.
513 3497 573 3568 τῆς]
591 3503 641 3567 της
658 3504 709 3552 τοῦ
728 3493 878 3566 κυλίνδρου
896 3516 923 3567 p.
1004 3503 1045 3552 18.
1066 3500 1140 3569 A]e
