2430 3854
373 177 423 226 nn
442 175 617 227 suerroun
636 175 815 228 ernrnuru.
1037 174 1099 237 113

90 321 135 384 sit
159 320 297 384 circulus
323 324 364 402 Z,
393 318 462 382 axis
486 323 595 382 autem
620 323 695 402 ZB,
721 323 754 382 et
777 321 834 402 per
858 322 920 382 ΓΖ
944 342 1099 403 axemque

87 427 222 510 planum
255 427 391 490 ducatur
420 425 456 488 in
486 447 567 489 cono
598 423 740 489 efficiens
769 428 875 489 ΒΗΘ
900 425 1101 511 triangulum

88 556 147 616 per
171 554 263 596 axem
286 532 440 616 positum,
463 536 496 594 et
519 532 559 595 ad
584 534 645 595 ΓΖ
666 532 939 616 perpendicularis
964 532 1100 596 ducatur

91 643 158 703 ΓΚ
186 639 222 702 in
252 639 349 723 plano
383 637 494 702 circuli
528 642 555 700 Z
587 638 707 721 posita,
736 660 796 724 per
829 640 896 701 ΓΚ
926 642 1035 702 autem
1068 644 1100 702 et

88 750 260 829 utramque
289 748 369 828 ΓΛ,
399 747 462 808 ΓΕ
491 728 588 827 plana
620 745 779 809 ducantur
811 765 928 808 conum
958 745 1102 810 secantis

89 852 296 935 efficiantque
328 874 386 936 per
416 851 594 915 sectionem
624 850 659 914 in
692 849 859 934 superficie
893 851 965 914 coni
997 850 1100 916 lineas

90 963 219 1040 AAM,
242 957 358 1042 ΝΕΞ,
381 958 416 1021 in
437 958 536 1042 plano
560 961 670 1021 autem
692 957 849 1042 trianguli
868 961 973 1021 ΒΗΘ
995 963 1100 1022 rectas

90 1069 170 1149 AF,
203 1068 283 1144 NF3
317 1064 465 1128 diametri
495 1064 598 1149 igitur
631 1063 810 1127 sectionum
840 1067 966 1146 AAM,
1000 1064 1104 1138 ΝΕΞ

91 1177 168 1236 sunt
194 1176 301 1236 rectae
326 1175 414 1254 AM,
442 1175 481 1235 N
483 1169 517 1243 Ξ.
563 1171 629 1233 iam
653 1170 693 1233 ad
716 1170 891 1233 diametros
916 1174 1005 1254 AM,
1032 1176 1071 1236 N
1073 1170 1104 1244 Ξ

91 1278 239 1342 ordinate
259 1279 417 1342 ducantur
430 1282 464 1340 A
471 1281 513 1359 0,
527 1280 601 1340 ΕΠ
614 1277 896 1360 producanturque
911 1278 951 1341 ad
966 1278 1101 1342 alteram

89 1390 218 1470 partem
237 1383 417 1469 superficiei
437 1385 477 1447 ad
496 1388 537 1466 P,
557 1387 597 1446 Σ.
635 1383 788 1466 quoniam
806 1383 909 1468 igitur
926 1388 1016 1448 recta
1036 1388 1101 1449 ΓΛ

92 1492 214 1555 lineam
232 1495 344 1555 AAM
359 1490 394 1554 in
407 1494 529 1575 puncto
543 1495 576 1553 A
590 1489 761 1574 contingit,
781 1489 989 1573 ordinateque
1005 1492 1102 1556 ducta

91 1603 143 1662 est
166 1603 249 1680 AO,
273 1598 335 1661 erit
358 1601 444 1661 AF:
461 1600 537 1661 ΓΜ
546 1627 588 1650 --
603 1601 670 1661 AO
685 1620 691 1660 :
708 1600 781 1661 OM
799 1595 966 1681 [Apollon.
986 1597 1009 1680 I,
1029 1599 1100 1683 36];

90 1711 124 1770 et
171 1705 283 1768 eadem
324 1705 362 1768 de
404 1726 502 1768 causa
543 1686 605 1767 erit
645 1701 1101 1782 ΝΓεΓΞ--ΝΠτΠΞ;

89 1812 202 1894 itaque
246 1814 380 1895 propter
425 1809 684 1894 propositionem
729 1811 973 1892 praecedentem
1013 1814 1103 1874 recta

88 1922 212 2002 puncta
230 1922 268 2001 0,
287 1922 326 1982 H
340 1916 538 2001 coniungens
557 1916 715 2000 producta
732 1937 790 1999 per
809 1916 965 1981 uerticem
983 1916 1100 1980 ueniet.

90 2025 228 2088 ducatur
255 2023 358 2110 igItur
384 2027 493 2087 OHB.
539 2028 572 2086 et
598 2021 751 2107 quoniam
774 2027 910 2107 utraque
933 2026 1013 2106 ΕΣ,
1036 2028 1106 2087 AP

88 2136 197 2195 rectae
218 2132 284 2192 ΓΚ
304 2129 459 2213 parallela
477 2132 536 2213 est,
553 2132 622 2192 ΛΡ
636 2132 668 2191 et
687 2132 757 2191 ΕΣ
770 2127 856 2191 inter
875 2150 909 2192 se
927 2128 1100 2212 parallelae

90 2240 168 2301 sunt
191 2235 298 2319 [Eucl.
320 2235 382 2320 XI,
405 2235 440 2318 9]
469 2234 563 2298 etin
590 2254 654 2297 uno
682 2235 780 2317 plano
809 2233 944 2318 positae.
989 2235 1099 2318 itaque

88 2344 225 2428 planum
251 2364 309 2426 per
333 2346 437 2406 ΒΠΟ
465 2345 498 2404 et
520 2345 601 2424 ΕΣ,
628 2344 698 2404 AP
715 2341 909 2424 productum
931 2341 968 2404 in
990 2363 1100 2425 super-

87 2449 161 2514 ficie
186 2448 259 2513 coni
280 2448 457 2512 sectionem
475 2447 595 2511 efficiet
613 2446 814 2532 triangulum
834 2444 997 2530 [Apollon.
1012 2446 1037 2533 I,
1051 2448 1101 2532 3];

88 2559 212 2640 puncta
233 2554 337 2640 igitur
355 2558 395 2637 E,
414 2560 447 2618 A
469 2553 504 2617 in
528 2553 696 2637 superficie
720 2553 793 2617 coni
815 2552 924 2637 posita
946 2553 981 2618 in
999 2554 1100 2620 latere
1161 2612 1164 2618 .

89 2666 168 2725 sunt
204 2660 362 2746 trianguli
398 2660 598 2745 triangulum
631 2663 736 2724 ΒΗΘ
772 2661 947 2724 secundum
978 2667 1100 2726 rectam

88 2771 195 2831 ΒΠΟ
236 2767 384 2832 secantis.
444 2768 556 2831 eodem
597 2771 706 2830 autem
745 2768 841 2831 modo
878 2766 913 2831 in
950 2768 1100 2832 omnibus

88 2873 355 2960 contingentibus
383 2873 470 2937 idem
497 2872 625 2937 euenire
654 2873 907 2957 demonstratur,
940 2874 1039 2938 etiam
1065 2875 1119 2939 in,

88 2980 188 3045 rectis
216 2980 251 3044 in
274 2985 314 3063 P,
342 2985 377 3044 Σ
397 2979 670 3065 contingentibus.
716 2999 793 3063 ergo
817 3000 928 3043 omnes
951 2985 1057 3045 rectae
1082 3003 1101 3044 a

92 3091 125 3152 Γ
152 3086 354 3170 superficiem
387 3085 533 3150 conicam
562 3086 785 3170 contingentes
812 3085 847 3149 in
874 3085 976 3149 latera
1003 3086 1100 3151 unius

89 3193 247 3279 trianguli
271 3194 402 3271 cadunt3
426 3193 512 3275 quod
535 3197 605 3256 erat
628 3191 921 3256 demonstrandum.

136 3625 258 3664 Serenus
270 3624 477 3680 Antlnoensls,
493 3631 528 3672 cd.
544 3627 665 3685 Helberg.
