2430 3854
504 165 719 221 PRAEFATIO.
1062 170 1113 224 XV

99 309 217 393 202,17
238 307 311 397 (34)
330 310 384 374 1161
403 310 523 376 similia
542 309 593 398 (τὸ
611 313 676 398 πρὸ
696 310 769 390 ἑνός
786 337 816 397 p.
827 316 902 400 286,
916 315 950 397 53
969 314 1113 400 288,12)

100 416 243 481 citantur
255 439 370 502 propp.
385 419 464 484 18-
473 419 512 483 19
526 443 556 503 p.
567 420 641 503 270,
651 421 681 484 2.
704 420 815 505 itaque
829 443 869 485 ex
882 442 995 504 propp.
1005 423 1112 487 6-17

98 521 220 588 Halleii
242 545 308 588 una
331 524 503 590 diuidenda
526 529 609 611 erat,
638 547 718 610 quae
746 527 803 590 uix
825 526 889 590 alia
912 549 982 591 esse
1004 533 1115 612 potest

98 653 136 694 ac
159 652 249 714 prop.
265 633 284 696 6
306 629 376 715 (cfr.
390 656 420 716 p.
436 633 510 718 232,
526 635 545 698 6
570 630 642 716 ἑξῆς
661 634 871 716 δειχθήσεται
895 633 934 698 de
952 655 1044 718 prop.
1060 636 1113 719 46,

96 759 128 821 p.
148 738 223 819 266,
243 739 261 800 7
286 736 436 822 δείξομεν
458 741 496 804 116
520 736 586 826 56).
622 740 698 804 hinc
722 738 820 804 simul
844 739 992 826 arguitur
1015 740 1113 805 inter-

97 842 223 926 polatio
246 866 276 928 p.
292 847 367 927 272,
382 848 412 931 7,
433 845 491 910 ubi
513 868 604 930 prop.
627 847 666 911 10
691 847 811 911 citatur
833 868 893 930 pro
913 847 968 930 203
990 846 1113 911 ibidem

98 948 198 1014 etiam
225 959 286 1015 τοῦ
313 953 447 1034 πρώτου
474 955 607 1034 βιβλίου
636 976 665 1036 p.
690 953 812 1036 272,8
845 952 1022 1016 absurdum
1050 957 1113 1037 est,

95 1078 201 1139 neque
221 1058 306 1122 enim
324 1058 455 1122 libellus
475 1059 513 1122 de
533 1059 675 1123 sectione
695 1059 768 1124 coni
786 1059 822 1122 in
841 1058 904 1122 duo
924 1058 964 1122 ab
980 1062 1112 1123 auctore

97 1163 221 1228 diuisos
255 1169 332 1229 erat.
384 1165 440 1229 sed
473 1164 560 1230 aliud
588 1166 726 1230 sortasse
759 1164 936 1249 uestigium
968 1165 1112 1229 eiusdem

96 1291 211 1333 manus
238 1271 493 1355 interpolatricis
521 1271 556 1336 in
584 1294 622 1337 eo
651 1268 934 1357 deprehendimus,
963 1272 1049 1355 quod
1075 1270 1112 1335 in
1141 1294 1143 1298 ·

95 1377 210 1461 figuris
235 1378 355 1442 codicis
378 1378 409 1442 V
431 1400 544 1463 propp.
564 1379 606 1444 53
631 1380 747 1462 ἄλλως,
771 1380 824 1461 55,
847 1379 899 1462 57,
919 1379 971 1461 58,
990 1378 1043 1461 59,
1067 1379 1111 1442 60

98 1505 118 1546 6
132 1505 229 1547 manu
247 1488 262 1547 1
280 1484 381 1548 additi
397 1489 473 1549 sunt
486 1485 612 1549 numeri
628 1488 653 1568 ζ,
663 1492 699 1568 θ,
715 1509 758 1568 ια,
774 1488 819 1567 ιβ,
834 1509 878 1568 ιγ,
893 1485 940 1563 111;
957 1483 1111 1549 librarius

97 1588 201 1674 igitur
233 1590 350 1676 aliquis
383 1615 402 1656 a
433 1613 523 1675 prop.
552 1593 594 1656 47
628 1592 749 1655 librum
781 1591 920 1655 alterum
951 1590 1111 1674 incepisse

95 1695 238 1781 1111161111,
262 1719 358 1782 quam
382 1699 597 1763 mutationem
621 1697 795 1763 admodum
818 1696 982 1762 infelicem
1004 1701 1111 1781 poste-

94 1802 198 1867 riores
217 1826 330 1869 rursus
347 1800 559 1890 neglexerunt
578 1806 672 1889 (haec
691 1805 830 1869 fortasse
846 1826 943 1869 causa
959 1807 1008 1868 est
1022 1825 1110 1887 repe-

95 1909 224 1974 titionis
247 1910 282 1974 in
306 1934 323 1975 c
345 1934 375 1995 p.
396 1909 553 1998 236,15).
594 1934 685 1997 prop.
710 1913 753 1976 20
775 1932 842 1975 non
865 1932 935 1974 esse
960 1908 1109 1972 dirimen-

95 2017 283 2101 dam,<quod
301 2017 484 2103 credideris,
503 2040 520 2082 e
538 2041 568 2102 p.
580 2019 654 2101 268,
665 2019 708 2081 24
727 2018 870 2102 adparet,
888 2016 945 2079 ubi
963 2037 1054 2100 prop.
1065 2017 1105 2079 21

95 2123 224 2188 citatur.
270 2121 431 2188 ordinatio
459 2146 573 2209 propp.
597 2124 802 2207 sequentium
828 2144 931 2207 usque
960 2123 1000 2186 ad
1024 2123 1066 2187 33
1091 2144 1107 2185 e

91 2253 123 2315 p.
139 2231 248 2315 204,2
270 2235 411 2315 constat3
434 2253 587 2295 numerus
604 2230 796 2294 Halleianus
820 2233 975 2313 quattuor
997 2227 1117 2290 minor

92 2342 156 2422 est;
181 2359 279 2422 quare
303 2337 371 2402 eius
394 2361 507 2423 propp.
531 2339 584 2422 21,
606 2338 659 2420 25,
682 2338 724 2402 28
747 2336 783 2399 in
805 2336 899 2399 binas
922 2333 1027 2398 diuisi.
1070 2338 1103 2397 et

91 2445 154 2509 hoc
178 2445 389 2509 confirmatur
408 2445 517 2510 citatis
540 2468 570 2528 p.
585 2444 660 2529 218,
677 2444 732 2527 20,
756 2443 887 2526 220,14
909 2440 1104 2526 propositio-

89 2550 253 2616 1111111636
283 2556 315 2616 61
344 2553 395 2617 38.
446 2552 484 2616 de
516 2550 648 2634 reliquis
677 2548 761 2613 nihil
793 2547 957 2612 adfirmari
984 2551 1104 2632 potest,

88 2657 154 2722 nisi
178 2659 304 2742 quode
331 2682 361 2742 p.
385 2659 460 2743 250,
485 2660 527 2723 10
555 2657 713 2741 sequitur,
745 2677 856 2740 propp.
881 2653 1011 2722 50-51
1036 2676 1103 2718 non

88 2763 340 2851 coniungendae,
359 2788 376 2829 6
394 2787 424 2850 p.
436 2763 510 2849 256,
525 2766 544 2830 3
564 2768 597 2828 61
615 2763 797 2848 1126219,
819 2783 933 2846 propp.
946 2761 988 2826 52
1008 2765 1040 2824 61
1059 2762 1102 2826 53

88 2869 124 2934 in
146 2871 240 2936 binas
264 2894 331 2936 non
354 2872 565 2957 diiungendas
590 2891 668 2934 esse.
715 2892 732 2933 6
755 2893 785 2953 p.
805 2869 940 2954 238,14
962 2866 1101 2931 fortasse

90 2978 359 3062 concludendum,
390 3001 480 3062 prop.
508 2979 551 3042 46
584 2981 621 3040 ut
653 2976 773 3040 lemma
803 2974 934 3058 proprio
966 2993 1101 3036 numero

90 3085 232 3150 caruisse
250 3081 322 3172 (cfr.
341 3107 371 3167 p.
391 3085 443 3168 80,
464 3080 506 3169 7).
544 3107 573 3167 p.
594 3085 668 3168 270,
687 3084 707 3146 6
732 3081 780 3165 (in
798 3101 889 3164 prop.
909 3076 966 3165 57)
990 3079 1101 3142 διὰτὸ

88 3194 153 3279 πρὸ
173 3193 295 3257 τούτου
318 3192 476 3277 θεώρημα
505 3211 594 3254 error
622 3193 672 3254 661
700 3188 893 3252 6116116666
918 3184 1102 3267 delendum3

69 3282 295 3385 *significatur
318 3299 405 3363 enim
427 3319 518 3382 prop.
542 3297 600 3382 54,
625 3318 686 3360 nec
713 3316 804 3380 prop.
828 3294 870 3358 55
899 3291 1009 3376 spuria
1032 3312 1101 3355 esse

87 3410 198 3491 potest
225 3409 358 3490 propter
385 3427 415 3490 p.
439 3407 514 3490 270,
537 3405 593 3488 25,
624 3403 693 3468 eius
720 3402 839 3465 lemma
868 3403 917 3463 661
944 3419 1034 3482 prop.
1058 3398 1101 3462 56

89 3513 130 3578 ab
154 3512 249 3578 initio
273 3512 411 3577 fortasse
434 3510 504 3577 sine
527 3531 676 3577 numero.
