2430 3854
123 171 165 235 92
394 173 482 223 ΠΕΡΙ
499 172 714 223 ΚΤΔΙΝΔΡΟΤ
732 172 868 225 ΤΟΜΗΣ.

122 317 331 392 πεπονθυίας
360 313 474 400 μέντοι
505 317 563 392 τὰς
593 313 790 402 διαμέτρους
817 318 937 398 ἔχουσα
964 327 1037 391 ταῖς
1065 315 1140 379 δια-

122 421 261 507 μέτροις.

190 545 247 610 ἐὰν
270 547 333 632 γδιρ
358 544 411 610 έκὶ
433 556 491 630 τῆς
513 555 573 611 τοῦ
598 548 780 633 κυλίνδρου
803 554 1017 633 καταγραφῆς
1040 570 1139 611 κατα-

124 652 349 737 σκευάσωμεν,
377 653 422 729 ὡς
448 654 485 717 τὸ
514 652 577 717 ἀπὸ
605 662 662 737 τῆς
689 653 800 736 Eri}
827 661 885 736 τῆς
909 657 970 718 ΓΖ
993 653 1077 737 πρὸς
1100 654 1137 717 τὸ

87 773 104 822 ο
123 758 186 823 ἀπὸ
210 767 268 842 τῆς
292 761 362 843 ΓΑ,
386 759 492 835 οὕτως
514 761 551 824 τὸ
575 759 639 824 ἀπὸ
662 768 720 843 τῆς
743 763 803 824 ΓΑ
825 761 908 846 πρὸς
931 760 967 825 τὸ
991 758 1056 824 ἀπὸ
1080 768 1139 842 τῆς

121 871 156 929 A
163 869 191 929 Θ
217 863 238 948 ἢ
266 874 323 949 τῆς
351 869 430 950 ΓΚ,
453 868 639 950 γενήσεται,
667 867 712 942 ὡς
739 867 775 930 τὸ
804 866 868 931 ἀπὸ
894 864 1048 952 ἑκατέρας
1071 876 1139 931 τῶν

122 974 202 1055 ΕΓ,
227 974 289 1036 ΓΖ
316 974 399 1058 πρὸς
421 974 458 1037 τὸ
482 972 545 1039 ἀπὸ
569 981 626 1055 τῆς
650 976 729 1056 ΓΑ,
752 971 921 1037 τουτέστιν
944 973 989 1049 ὡς
1011 972 1048 1037 τὸ
1074 971 1137 1037 ἀπὸ

122 1086 180 1160 τῆς
212 1076 390 1165 διαμέτρου
425 1090 493 1143 τῶν
526 1079 651 1162 ὁμοίων
681 1079 857 1157 ἐλλείψεων
886 1090 953 1144 τῶν
983 1079 1047 1144 ἀπὸ
1078 1090 1138 1144 τοῦ

124 1185 227 1248 αὐτοῦ
260 1184 381 1271 μέρους
412 1184 565 1270 ἠγμένον
599 1187 681 1272 πρὸς
712 1186 749 1250 τὸ
787 1185 850 1250 ἀπὸ
888 1195 945 1270 τῆς
981 1185 1140 1273 δευτέρας

72 1305 105 1354 10
124 1294 287 1373 συζυγοῦς
315 1291 507 1378 διαμέτρου,
535 1292 640 1368 οὕτως
666 1293 703 1356 τὸ
733 1291 795 1357 ἀπὸ
823 1301 881 1376 τῆς
906 1296 972 1357 ΓΑ
993 1294 1078 1379 πρὸς
1102 1295 1138 1359 τὸ

124 1396 187 1462 ἀπὸ
212 1395 365 1483 ἑκατέρας
387 1409 454 1463 τῶν
477 1405 510 1463 Α
518 1403 560 1482 Θ,
584 1402 662 1482 ΓΚ,
691 1397 861 1463 τουτέστιν
884 1398 989 1474 οὕτως
1011 1400 1049 1465 τὸ
1074 1399 1138 1465 αἰτιὸ

123 1511 181 1586 τῆς
216 1500 371 1589 δευτέρας
404 1504 581 1591 διαμέτρου
609 1516 676 1569 τῶν
708 1504 771 1570 ἀπὸ
803 1515 871 1570 τῶν
903 1503 1140 1590 ἀντικειμένων

123 1607 276 1692 ἠγμένων
299 1608 424 1693 ὁμοίων
448 1611 624 1689 ἐλλείψεων
646 1613 729 1698 πρὸς
751 1612 788 1676 τὸ
812 1611 875 1676 ιἰκὸ
899 1621 957 1695 τῆς
975 1616 1140 1694 συζυγοῦς

124 1714 315 1802 διαμέτρου·
350 1717 394 1792 ὡς
422 1719 486 1804 ἄρα
513 1727 570 1801 τῆς
598 1716 709 1805 ἑτέρας
737 1721 892 1800 συζυγίας
919 1717 939 1801 ἡ
963 1718 1139 1806 διαμετρος

71 1837 105 1885 15
123 1823 206 1909 πρὸς
229 1823 289 1906 τὴν
313 1822 472 1910 δευτέραν
496 1824 683 1911 διαμετρον,
707 1824 812 1901 οὕτως
834 1833 892 1908 τῆς
911 1823 1023 1930 ἑτέρας
1041 1829 1139 1905 συζυ-

123 1934 197 2013 γίας
219 1928 239 2012 ἡ
264 1928 402 2016 δευτέρα
425 1931 598 2017 διαμετρος
619 1932 703 2017 πρὸς
725 1932 786 2015 τὴν
809 1913 994 2018 διάμετρον

188 2052 259 2119 Ἐπὶ
283 2051 320 2119 δέ
342 2062 402 2120 τοῦ
425 2055 546 2137 κώνου,
571 2054 629 2119 έδν
651 2055 753 2120 πάλιν
771 2055 1076 2140 κατασκευάσωμεν,
1096 2057 1141 2134 ὡς

123 2161 184 2242 τὴν
211 2165 284 2224 ΗΑ
310 2162 394 2247 πρὸς
420 2163 504 2244 ΑΚ,
532 2160 638 2237 οὕτως
666 2163 727 2246 τὴν
755 2166 831 2226 ΛΠ
853 2163 936 2248 πρὸς
965 2164 1027 2246 τὴν
1056 2168 1140 2247 ΠΣ,

115 2269 228 2350 -έσται,
257 2267 301 2343 ὡς
328 2267 348 2350 ἡ
376 2271 449 2331 ΑΚ
472 2268 556 2354 πρὸς
583 2269 644 2351 τὴν
671 2270 756 2352 ΚΗ,
785 2268 890 2344 οὕτως
917 2268 937 2352 ἡ
960 2273 1036 2333 ΠΣ
1055 2271 1140 2355 πρὸς

70 2385 105 2433 20
123 2375 184 2457 τὴν
207 2378 291 2456 ΣΑ,
319 2373 490 2439 τουτέστιν
516 2374 560 2450 ὡς
582 2374 619 2439 τὸ
643 2373 706 2438 ἄκὸ
730 2384 788 2458 τῆς
811 2378 887 2438 ΑΚ
906 2376 989 2461 κρὸς
1011 2377 1048 2440 τὸ
1073 2376 1138 2441 ὑκὸ

123 2492 190 2545 τῶν
213 2483 296 2562 ΗΚ,
318 2483 403 2563 ΚΑ,
431 2480 536 2558 οὕτως
559 2482 595 2545 τὸ
618 2480 683 2546 ὑπὸ
707 2491 774 2545 τῶν
798 2485 879 2564 ΠΣ,
903 2486 972 2546 ΣΑ
994 2485 1079 2570 τιρὸς
1101 2486 1138 2549 τὸ

124 2585 187 2651 ἀπὸ
216 2595 274 2669 τῆς
296 2591 375 2650 ΑΣ.
420 2586 493 2652 ἀλλ’
519 2587 564 2662 ὡς
591 2584 651 2672 μὲν
674 2588 712 2652 τὸ
735 2587 798 2653 ἀπὸ
822 2596 879 2671 τῆς
903 2592 975 2652 ΑΚ
994 2591 1079 2674 πρὸς
1102 2592 1138 2655 τὸ

122 2693 188 2757 ὑπὸ
217 2702 283 2755 τῶν
310 2695 396 2775 ΗΚ,
420 2696 503 2776 ΚΑ,
531 2692 680 2758 τουτέστι
707 2695 790 2780 πρὸς
817 2696 854 2760 τὸ
880 2694 946 2761 ὑπὸ
970 2707 1038 2761 τῶν
1061 2701 1138 2780 ΒΚ,

123 2800 198 2881 ΚΓ,
222 2796 327 2872 οὕτως
350 2799 386 2862 τὸ
411 2798 473 2864 ἀπὸ
497 2808 554 2882 τῆς
578 2798 755 2886 διαμέτρου
778 2811 846 2864 τῶν
871 2800 935 2866 ιἰττὸ
954 2811 1014 2865 τοῦ
1033 2803 1139 2867 αὐτοῦ

196 3067 219 3115 1.
241 3059 355 3151 ἔχοντα]
375 3059 532 3132 έχουσαιμ
606 3069 630 3117 3.
629 3061 764 3144 έαν]’
732 3084 783 3119 -αν
802 3081 882 3118 enan
898 3081 920 3118 ο.
995 3071 1019 3119 5.
1040 3063 1139 3136 ουτως]

125 3130 233 3187 ουτωο
290 3130 424 3195 οὕτως-
439 3137 463 3186 6.
478 3133 567 3206 ΑΘ]
559 3151 611 3188 ms.
626 3133 657 3186 in
670 3151 724 3189 τωο.
738 3154 766 3216 p.
824 3143 848 3190 6
868 3132 964 3204 ἑκατέρ
949 3136 1012 3261 (aas)
1027 3136 1138 3206 Halley,

125 3201 263 3272 ἑκατέρων
280 3204 357 3294 ch.
433 3210 473 3257 12
493 3214 549 3259 τῶν
567 3204 636 3277 aaa]
656 3205 764 3276 scripsi,
784 3223 837 3261 om.
847 3207 930 3276 ch,
949 3208 991 3261 ἀπ
1026 3207 1138 3277 Halley

159 3273 371 3368 ἀντικειμένων]
390 3273 631 3366 ἀντικειμένωςρ.
706 3283 748 3332 17,
767 3279 828 3349 τοῦ]
847 3295 898 3348 ep,
919 3296 972 3333 om
987 3277 1021 3334 V.
1097 3284 1139 3334 18

122 3349 193 3420 ΑΚ]
211 3347 263 3416 την
280 3352 380 3416 AKp
454 3345 592 3409 ουτως-
611 3346 693 3420 πρός]
712 3364 792 3404 enan.
811 3368 839 3419 p.
920 3355 962 3404 19.
983 3349 1072 3422 ἔσται]
1091 3368 1138 3420 cp,

119 3433 156 3510 έω
174 3453 203 3520 V
236 3452 347 3507 ἔστων
435 3459 476 3508 20
500 3453 633 3527 malm]
653 3472 721 3509 corr
742 3472 776 3509 ex
794 3475 885 3511 τωτυ
906 3463 964 3511 1ο
1037 3456 1141 3512 Ηὶοει

99 3521 135 3571 1'11
153 3538 234 3588 seqq
256 3525 402 3590 quaedam
422 3543 503 3584 euan
524 3547 553 3600 p
627 3533 671 3583 λλ.
691 3528 763 3599 λΣλ
782 3510 877 3595 ΣΚρ
