2430 3854
423 170 473 219 nn
491 169 667 220 suenone
687 170 781 223 eoru.
1038 170 1103 232 243

96 309 210 396 quiin
231 311 295 384 ΟΞ
315 312 495 396 descriptus
520 315 578 389 est,
597 311 652 395 qui
671 333 735 375 una
754 334 828 376 cum
846 313 921 376 dato
940 314 1103 400 triangulo

94 418 131 481 in
156 420 224 482 ΘΚ
244 418 405 502 descripto
429 418 572 501 aequalis
596 423 645 482 est
669 418 808 483 maximo
832 419 1037 504 minimoque.

524 611 671 677 XLVIII.

163 734 198 800 Si
222 736 358 800 duorum
377 736 616 822 triangulorum
633 759 690 822 per
709 759 801 802 axem
820 739 990 823 ductorum
1012 737 1102 803 bases

93 843 135 906 ad
167 841 360 906 diametrum
388 865 446 926 per
472 843 768 927 perpendicularem
796 844 925 909 ductam
956 845 1103 928 aequales

93 970 187 1013 arcus
218 946 426 1032 abscindunt,
454 949 610 1034 trianguli
639 949 725 1014 inter
755 972 789 1015 se
819 951 968 1034 aequales
996 946 1103 1037 erunt3

92 1059 253 1118 nocentur
281 1059 389 1119 autem
418 1057 808 1139 correspondentes.

755 1248 760 1258 Δ
867 1163 910 1227 sit
925 1185 1035 1248 conus,
1051 1186 1104 1228 cu-

820 1270 872 1334 ius
884 1275 996 1336 uertex
1009 1271 1052 1335 sit
1062 1277 1103 1357 A,

822 1376 910 1440 basis
925 1381 1034 1440 autem
1044 1377 1103 1442 cir-

822 1482 912 1546 culus
934 1481 1053 1547 circum
1073 1487 1102 1546 B

857 1593 1003 1652 centrum
1027 1590 1078 1654 de-

821 1694 969 1778 scriptus,
985 1698 1017 1758 et
1032 1696 1101 1760 axis

820 1804 900 1885 AB,
928 1801 968 1864 ad
995 1801 1101 1865 basim

821 1909 929 1969 autem
967 1927 1101 1990 perpen-

724 2041 760 2123 *F
822 2011 972 2075 dicularis
1023 2017 1056 2075 A
1062 2016 1102 2098 F,

822 2118 998 2182 diametrus
1044 2140 1101 2182 au-

820 2226 887 2287 tem
915 2245 973 2307 per
999 2245 1100 2308 punc-

820 2333 891 2393 tum
930 2331 1099 2414 perpendi-

821 2435 937 2500 cularis
953 2439 985 2500 Γ
1004 2436 1101 2501 ducta

820 2541 997 2626 Arum),
1028 2565 1101 2627 pro·

88 2644 248 2710 ducantur
276 2651 385 2712 autem
409 2652 519 2734 ZBH,
544 2651 647 2713 ΘΒΚ
671 2670 764 2714 arcus
794 2648 943 2732 aequales
968 2649 1007 2713 ad
1030 2653 1100 2713 EA

89 2751 313 2818 abscindentes
347 2757 431 2835 ΚΔ,
454 2758 535 2818 ΛΗ.
590 2755 675 2839 dice,
708 2755 889 2840 triangulos
918 2778 975 2839 per
1007 2777 1100 2820 axem

89 2855 217 2942 ductos,
241 2882 379 2944 quorum
401 2861 496 2925 bases
520 2861 585 2925 sint
610 2865 692 2947 ΖΗ,
712 2864 790 2944 ΘΚ,
816 2861 902 2925 inter
925 2883 959 2926 se
983 2883 1100 2945 aequa-

87 2961 134 3026 les
159 2987 236 3032 esse.

157 3072 357 3140 describatur
376 3075 497 3140 circum
516 3075 708 3139 diametrum
726 3077 791 3139 ΒΓ
804 3075 941 3140 circulus
961 3075 1099 3157 ΒΛΓΜ,

88 3180 308 3266 ducanturque
341 3185 423 3266 ΑΛ,
448 3185 538 3267 AM3
569 3181 679 3265 itaque
710 3179 990 3273 perpendiculares
1024 3183 1098 3243 sunt

87 3291 157 3351 ΑΛ
180 3288 219 3351 ad
240 3292 320 3373 ZH,
339 3293 417 3352 AM
441 3292 549 3352 autem
572 3289 612 3351 ad
633 3290 700 3351 ΘΚ
716 3287 820 3371 [prop.
839 3284 946 3350 XLVI
964 3285 1098 3370 corcll.].

161 3518 186 3584 1)
205 3515 305 3582 Itaque
323 3516 444 3586 figuram
465 3522 476 3568 1
498 3514 588 3570 sclam
604 3512 730 3584 respicit.
746 3531 767 3582 p
788 3511 876 3582 ἃμ
896 3511 992 3650 ἳὲῗω
1002 3511 1128 3632 unffi
