2430 3854
118 169 162 232 20
388 171 475 221 ΠΕΡΙ
492 168 707 222 ΚΤΛΙΝΔΡΟΤ
725 169 861 221 ΤΟΜΗΣ.

119 312 208 401 πέδῳ
228 313 322 400 ὀρθῷ
342 336 376 377 τε
394 314 476 397 πρὸς
495 314 531 377 τὸ
551 313 607 376 διά
625 322 685 377 τοῦ
705 311 821 390 ἄξονος
838 313 1132 396 παραλληλόγραμ-

120 443 185 504 μον
207 417 262 484 καὶ
284 429 437 484 ποιοῦντι
460 421 521 503 τ’ἤυ
543 421 659 502 κοινῆν
681 422 785 503 τομὴν
808 419 844 484 ἐν
863 428 908 505 τῳ
926 423 1133 503 παραλληλο·

120 526 259 613 γράμμῳ
287 527 423 590 εὐθεῖαν
452 532 525 601 ίσας
551 522 612 610 μέν
638 535 801 590 ποιοῦσαν
827 529 949 606 γωνίας
976 536 1047 600 ταῖς
1071 533 1132 588 τοῦ

122 632 477 717 παραλληλογράμμου,
500 633 544 715 μῆ
567 633 779 717 παράλληλον
802 628 838 695 δέ
861 628 966 697 οὖσαν
984 643 1055 706 ταῖς
1073 630 1133 713 βά-

86 750 192 804 σσεσι
229 747 288 803 τοῦ
320 738 679 824 παραλληλογράμμου,
715 739 735 822 ἤ
767 741 849 823 τομῆ
880 739 1000 814 κύκλος
1032 741 1133 819 ἐσται,

121 847 287 910 καλείσθω
322 841 358 908 δὲ
389 843 409 927 ἤ
437 845 573 927 τοιαύτη
602 845 713 928 άγωγῆ
744 853 803 908 τοῦ
832 841 989 909 ἐπιπέδου
1017 842 1133 906 ὑπεν-

122 955 242 1016 αντία.

118 1108 122 1117 ,
189 1061 270 1123 ἔστω
299 1059 462 1139 σκαληνὸς
489 1058 681 1142 κύλινδρος,
714 1053 754 1122 οὗ
782 1058 818 1121 τὸ
847 1057 903 1120 διὰ
929 1065 989 1120 τοῦ
1017 1054 1135 1133 άξονος

121 1168 464 1249 παραλληλόγραμμον
494 1167 575 1228 ἐστω
608 1165 645 1228 τὸ
675 1170 746 1227 ΑΛ
775 1165 857 1248 πρὸς
889 1163 995 1247 ὀρθὰς
1025 1162 1064 1226 ὂν
1094 1172 1134 1246 τη

74 1281 106 1329 10
125 1270 234 1353 βάσει,
257 1271 429 1353 τετμήσθω
449 1266 485 1334 δὲ
505 1270 522 1335 ὁ
540 1270 718 1355 κύλινδρος
735 1268 790 1335 καὶ
810 1267 909 1358 ἑτέρω
928 1268 1070 1356 ἐπιπέδῳ
1089 1278 1135 1355 τῷ

122 1380 231 1440 ΕΖΗ
251 1376 344 1462 ὀρθῷ
367 1374 422 1440 καὶ
439 1372 529 1463 ἀὐτῷ
548 1378 630 1461 πρὸς
649 1378 685 1441 τὸ
704 1382 775 1440 ΑΔ
792 1379 1135 1460 παραλληλόγραμμον

122 1480 178 1547 καὶ
205 1490 358 1546 ποιοῦντι
387 1482 423 1547 ἐν
446 1482 535 1570 αὐτῷ
558 1485 674 1566 κοινῆν
697 1485 801 1567 τομὴν
823 1484 883 1565 τῆν
906 1487 980 1547 ΕΗ
998 1483 1136 1546 εὐθεῖαν

122 1590 166 1672 μῆ
194 1588 405 1673 παράλληλον
434 1586 494 1673 μὲν
510 1602 595 1665 ’ταῖς
622 1594 702 1673 ΑΒ,
727 1593 804 1671 ΓΛ,
839 1596 911 1664 ίσας
944 1585 980 1652 δὲ
1012 1592 1137 1670 γωνίας

123 1705 287 1760 ποιοῦσαν
314 1697 375 1779 τῆν
402 1693 462 1781 μὲν
488 1696 554 1761 ὑπὸ
577 1701 683 1760 ΗΕΑ
710 1705 749 1780 τῆ
777 1697 842 1760 ὑπὸ
866 1700 982 1778 ΕΑΒ,
1010 1696 1071 1778 τῆν
1098 1691 1135 1758 δὲ

72 1812 104 1860 15
124 1801 188 1866 ὑπὸ
216 1806 319 1867 ΕΗΒ
347 1811 386 1887 τῆ
413 1802 479 1867 ὑπὸ
507 1807 622 1867 ΑΒΗ.
668 1801 766 1886 λέγω,
794 1803 845 1867 ὅτι
872 1802 892 1885 ἤ
920 1806 1029 1866 ΕΖΗ
1052 1804 1134 1885 τομῆ

81 1915 85 1925 ’
122 1911 243 1984 κύκλος
266 1909 365 1974 ἐστίν.

190 2017 342 2099 εἰλήφθω
366 2038 397 2078 τι
420 2027 557 2100 σημεῖον
580 2013 633 2080 ἐπὶ
651 2025 709 2099 τῆς
726 2019 800 2079 ΕΗ
814 2015 947 2091 εὐθείας
965 2016 1002 2078 τὸ
1024 2019 1061 2097 Θ,
1080 2012 1136 2078 καὶ

123 2123 206 2206 πρὸς
229 2122 335 2206 ὀρθὰς
357 2131 396 2205 τη
420 2126 493 2186 ΕΗ
511 2123 606 2206 ἤχθω
629 2122 649 2205 ἡ
672 2127 732 2186 ΘΖ
752 2122 788 2187 ἐν
806 2132 852 2209 τῷ
871 2125 978 2186 ΕΖΗ
992 2119 1134 2206 ἐπιπέδῳ

125 2224 221 2293 οὖσα·
259 2228 279 2311 ἤ
304 2233 367 2292 ΖΘ
386 2229 450 2312 άρα
472 2229 613 2305 κάθετός
636 2229 726 2294 ἐστιν
749 2227 801 2293 ἐπὶ
824 2230 861 2293 τὸ
883 2234 952 2292 ΑΔ
971 2227 1136 2292 ἐπίπεδον.

72 2345 106 2394 20
124 2335 219 2417 ἤχθω
248 2336 303 2399 διά
335 2343 395 2400 τοῦ
429 2340 457 2399 Θ
488 2346 528 2420 τη
560 2340 626 2400 ΑΒ
654 2334 862 2420 παράλληλος
889 2335 908 2417 ἤ
936 2338 1053 2417 ΚΘΛ,
1080 2333 1137 2398 καὶ

125 2443 249 2504 κείσθω
272 2450 311 2525 τη
335 2446 401 2506 ΑΒ
424 2443 506 2526 πρὸς
529 2442 635 2528 ὀρθάς
657 2441 677 2524 ἤ
698 2445 792 2524 ΜΝ,
814 2438 869 2506 καὶ
893 2442 948 2504 διὰ
971 2452 1038 2505 τῶν
1063 2446 1136 2524 ΖΘ,

125 2550 193 2609 ΚΛ
224 2547 319 2629 ἤχθω
351 2548 507 2612 ἐπίπεδον
534 2557 655 2612 ποιοῦν
684 2550 745 2631 τῆυ
774 2551 877 2612 ΚΖΛ
904 2548 1016 2630 τομῆν.
1067 2546 1137 2612 ἐπεὶ

126 2649 188 2717 οὖν
215 2652 235 2734 ἤ
263 2658 345 2718 ΜΝ
363 2655 504 2730 κάθετός
531 2653 621 2719 ἐστιν
645 2652 698 2718 ἐπὶ
720 2656 781 2737 τῆν
804 2658 869 2719 AB
893 2656 1009 2737 κοινῆν
1031 2657 1136 2738 τομῆν

126 2770 193 2822 τῶν
213 2757 376 2823 ἐπιπέδων
396 2759 494 2848 ἐντῷ
513 2769 570 2843 τῆς
588 2760 715 2843 βάσεως
733 2758 874 2848 ἐπιπέδῳ
890 2757 983 2843 οὖσα,
996 2759 1137 2836 κάθετος

74 2876 107 2924 25
127 2866 191 2949 ἄρα
218 2862 308 2928 ἐστὶν
335 2865 356 2948 ἡ
383 2870 467 2931 ΜΝ
490 2864 543 2931 ἐπὶ
570 2867 607 2930 τὸ
635 2872 705 2930 ΑΔ
733 2866 899 2931 ἐπίπεδον·
932 2866 1137 2951 παράλληλοι

128 2973 191 3056 άρα
219 2969 303 3035 είσὶν
331 2973 368 3035 αἱ
395 2977 471 3053 ΖΘ,
496 2977 581 3036 ΜΝ.
627 2972 830 3057 παράλληλοι
858 2969 894 3036 δὲ
922 2970 976 3036 καὶ
1000 2975 1036 3038 αἱ
1057 2977 1136 3055 ΚΛ,

92 3252 96 3265 ’
200 3239 223 3289 6.
243 3235 291 3305 -γὴ
310 3243 358 3288 τοῦ
377 3232 524 3306 ἐπιπέδου]
544 3233 595 3288 ins,
615 3234 645 3287 in
664 3253 718 3290 rae.
738 3253 773 3289 m.
795 3240 809 3287 1
828 3254 856 3304 p.
934 3240 975 3289 14.
994 3236 1063 3290 Post
1081 3235 1136 3290 ῦπό

127 3307 190 3376 (pr.)
207 3305 299 3360 iacun.
315 3305 448 3359 dimidiae
466 3305 524 3360 fere
540 3305 632 3359 lineae
647 3306 672 3360 V
686 3305 763 3375 (quia
777 3305 889 3360 litterae
905 3322 938 3360 ex
952 3306 1042 3361 altera
1056 3310 1137 3375 parte

128 3376 258 3443 eiusdem*
267 3376 329 3430 folii
344 3376 470 3431 chartam
484 3377 663 3431 maculauera
684 3380 714 3448 λ).
770 3382 811 3430 15.
831 3379 931 3448 ΑΒΗ]
946 3397 973 3446 p,
992 3384 1014 3431 A
1021 3383 1051 3431 H
1055 3384 1076 3431 Β
1086 3379 1136 3432 Vc.

166 3453 206 3503 16.
227 3445 312 3519 ἐστίν]
333 3447 408 3502 ἔσται
425 3467 451 3517 p.
521 3454 563 3503 18.
583 3448 675 3520 ἤχθω]
694 3447 775 3519 ἤχθω
795 3450 895 3503 εύθεῖα
913 3467 939 3516 p.
1014 3454 1054 3503 19.
1075 3450 1135 3520 ΑΔ]

121 3522 418 3581 τορ,οοικειΑΘ
435 3520 584 3584 ααλί.4
634 3519 956 3592 20.τη-]ρ,τῆνλῑνο.
