2430 3854
132 163 195 226 190
442 164 529 215 Imm
546 163 675 216 Κωωον
692 165 829 217 ΤοΜΗΣ.

129 308 223 392 βάσει
245 310 409 395 τρίγωνον
431 306 586 392 μέγιστον
610 310 700 372 ἔσται
722 307 858 375 πάντων
879 321 947 376 τών
970 310 1064 390 ἐκτὸς
1082 323 1142 378 τοῦ

129 414 246 493 ἄξονος
264 415 301 480 έν
319 423 364 503 τῷ
382 416 478 502 κώνῳ
493 412 744 498 συνισταμένων
756 417 930 497 τριγώνων
942 416 999 483 καλ
1017 425 1142 506 παραλ-

129 525 250 606 λήλους
276 521 388 605 βάσεις
415 521 559 605 ἐχόντων
586 531 625 607 τή
648 529 707 586 τοῦ
730 523 813 607 πρὸς
836 521 942 609 ὀρθὰς
964 528 1141 610 τριγώνου.

195 640 301 704 κῶνος
323 628 397 714 γάρ,
421 623 461 693 οὗ
483 629 615 714 κορυφή
638 624 699 712 μὲν
721 629 758 693 τὸ
779 634 822 711 Α,
844 628 941 713 βάσις
963 627 1002 696 δὲ
1025 633 1043 698 ὁ
1067 633 1141 718 περὶ

93 753 109 800 ο
128 737 165 800 τὸ
188 740 217 800 Β
240 733 377 820 κέντρον
404 734 538 819 κύκλος,
566 736 739 818 τετμήσθω
768 736 825 800 διὰ
847 745 907 801 τοῦ
930 736 1049 817 ἄξονος
1074 739 1140 805 ἐπι-

126 842 216 931 πέδῳ
250 850 403 907 ποιοῦντι
436 842 473 906 τὸ
508 846 541 905 A
547 845 611 906 ΓΔ
646 845 811 927 τρίγωνον
847 844 929 929 πρὸς
960 843 1071 930 ὀρθάς
1103 856 1140 932 τή

126 949 220 1033 βάσει
243 958 303 1014 τοῦ
326 949 447 1031 κώνου,
470 947 490 1030 ή
510 944 547 1013 δέ
569 947 633 1013 άπὸ
656 957 716 1013 τοῦ
735 954 768 1012 Α
791 947 844 1014 ε’πλ
866 952 927 1034 τήν
951 953 1018 1016 ΓΔ
1040 952 1140 1018 κάθε-

125 1080 182 1134 τος
203 1058 247 1141 μή
272 1054 415 1121 ἐλάττων
438 1058 520 1120 ἔστω
543 1064 601 1139 τής
623 1053 658 1120 ἐκ
681 1063 741 1120 τοῦ
764 1055 903 1142 κέντρου
926 1065 984 1139 τής
1004 1058 1140 1141 βάσεως.

124 1162 225 1247 λέγω,
252 1163 304 1228 ὅτι
330 1163 367 1228 τὸ
396 1165 499 1226 ΛΓΔ
526 1166 690 1249 τρίγωνον
717 1160 873 1246 μέγιστόν
903 1163 971 1228 ἐστι
1002 1165 1140 1230 πάντων

72 1288 105 1336 10
124 1283 192 1336 τῶν
215 1269 251 1335 έν
273 1279 318 1358 τῷ
342 1270 438 1357 κώνῳ
457 1266 706 1353 συνισταμένων
724 1271 897 1355 τριγώνων
915 1270 1028 1353 βάσεις
1047 1271 1138 1355 ε’χόν-

124 1403 192 1444 των
214 1334 446 1464 παράλλήλούς
468 1384 507 1460 τῇ
533 1378 605 1440 ΓΔ.

192 1485 321 1567 διήχθω
353 1484 415 1569 γάρ
449 1481 485 1547 έν
512 1491 557 1570 τῳ
586 1482 696 1570 κύκλῳ
719 1492 759 1569 τή
788 1485 852 1548 ΓΔ
878 1431 1091 1567 παράλληλος
1118 1484 1137 1567 ή

124 1595 202 1674 ΕΖ,
230 1587 284 1674 ἐφ’
314 1585 353 1673 ής
380 1590 417 1654 τὸ
440 1593 543 1653 ΑΕΖ
566 1593 743 1675 τρίγωνον,
766 1588 802 1654 ἐν
826 1586 863 1654 δὲ
885 1598 930 1653 τω
954 1598 1015 1653 τοῦ
1038 1593 1137 1654 ΑΓΛ

124 1696 290 1781 τριγώνου
324 1693 466 1784 ἐπιπέδῳ
496 1696 579 1782 πρὸς
611 1695 717 1782 ὀρθάς
748 1695 913 1761 ἀνεστάτω
946 1704 985 1781 τῇ
1019 1698 1087 1760 ΓΔ
1118 1697 1137 1780 ή

72 1819 104 1866 15
123 1806 207 1887 ΒΗ,
235 1801 290 1867 καλ
317 1813 357 1890 τή
381 1805 446 1868 ΓΔ
470 1801 679 1887 παράλληλος
702 1803 722 1886 ή
745 1806 833 1866 AH·
857 1801 877 1884 ή
900 1805 974 1866 ΒΗ
992 1803 1058 1888 ἄρα
1083 1808 1136 1886 λσή

124 1909 193 1976 ἐστὶ
215 1919 255 1996 τῇ
278 1909 342 1975 άπὸ
364 1917 425 1974 τοῦ
444 1916 476 1973 A
499 1907 552 1974 ἐπὶ
575 1910 637 1993 τήν
661 1911 726 1974 ΓΛ
748 1907 888 1996 καθέτῳ.
935 1907 1136 1992 ἐπεζεύχθω-

122 2034 186 2083 σαν
218 2019 256 2083 αί
277 2019 358 2101 ΗΓ,
381 2021 464 2100 ΗΛ,
488 2020 572 2099 ΗΕ,
596 2019 678 2079 ΗΖ·
715 2017 917 2099 νοήθήσεται
950 2015 990 2098 δή
1020 2027 1138 2099 κῶνος,
1187 2035 1189 2044 ·

123 2120 164 2190 οὗ
193 2125 324 2210 κορυφή
354 2119 415 2207 μὲν
443 2124 480 2188 τὸ
512 2127 561 2206 Η,
590 2119 678 2200 ἄξων
706 2118 743 2187 δέ
770 2120 790 2203 ή
819 2125 901 2205 ΗΒ,
929 2120 1026 2204 βάσις
1052 2118 1091 2186 δὲ
1119 2121 1136 2186 ὁ

123 2228 198 2316 περὶ
221 2232 258 2296 τὸ
277 2234 306 2294 Β
329 2228 468 2316 κέντρον
489 2229 619 2313 κύκλος,
643 2227 680 2295 ἐν
703 2222 730 2316 ῳ
752 2232 898 2315 τρίγωνα
918 2228 974 2292 διᾶ
992 2225 1053 2312 μέν
1077 2237 1136 2293 τοῦ

72 2350 106 2399 20
124 2335 242 2416 ἄξονος
263 2337 301 2403 τὸ
326 2340 364 2401 Η
366 2338 445 2420 ΓΔ,
469 2335 560 2412 ἐκτὸς
583 2331 620 2400 δὲ
642 2343 702 2399 τοῦ
725 2333 842 2412 ἄξονος
863 2335 901 2401 τὸ
921 2338 1034 2398 ΗΕΖ.
1067 2333 1137 2400 ἐπεὶ

124 2440 186 2512 οὖν
208 2444 229 2527 ή
249 2447 323 2509 ΒΗ
336 2443 398 2508 οὐκ
421 2442 569 2508 έλάσσων
593 2440 662 2507 ἐστὶ
684 2451 742 2526 τής
765 2441 800 2507 έκ
823 2450 883 2506 τοῦ
905 2439 1055 2528 κέντρου,
1080 2443 1136 2506 διὰ

123 2551 164 2615 τὰ
185 2547 444 2635 προδεδειγμένα
465 2551 529 2635 ἄρα
551 2550 588 2614 τὸ
608 2552 647 2613 Η
649 2550 709 2613 ΓΛ
731 2550 841 2632 μεῖζόν
865 2547 933 2613 ε’στι
952 2556 1012 2612 τοῦ
1032 2553 1136 2613 ΗΕΖ

123 2655 178 2721 καλ
205 2657 340 2721 πάντων
366 2666 433 2720 τών
461 2654 497 2720 ἐν
525 2664 570 2743 τῳ
593 2656 689 2743 κώνῳ
713 2656 885 2742 τριγώνων
908 2655 1020 2738 βάσεις
1043 2654 1135 2739 έχόνε

123 2785 191 2827 των
220 2763 451 2849 παραλλήλους
481 2769 520 2847 τή
553 2765 627 2827 ΓΛ.
679 2760 763 2827 ἄλλά
796 2762 833 2826 τὸ
862 2758 923 2846 μέν
954 2764 1059 2825 ΗΓΔ
1089 2772 1135 2850 τῷ

71 2880 104 2930 25
123 2872 228 2934 ΑΓΔ
252 2874 325 2934 ἴσον
348 2867 451 2933 ἐστίν·
475 2867 531 2933 ε’πί
551 2891 586 2932 τε
603 2868 667 2953 γὰρ
685 2877 744 2952 τής
761 2868 863 2952 αὐτῆς
880 2867 1006 2951 βάσεως
1024 2866 1080 2932 καὶ
1100 2867 1135 2933 έν

122 2987 194 3055 ταῖς
217 2977 332 3051 αὐταῖς
353 2976 589 3060 παραλλήλοις·
612 2975 649 3039 τὸ
673 2970 710 3039 δὲ
731 2978 834 3039 ΗΕΖ
856 2983 901 3062 τῷ
921 2978 1022 3039 ΑΕΖ
1046 2980 1134 3040 λσον·

123 3084 160 3148 τὸ
179 3084 244 3169 ἄρα
263 3085 367 3146 ΛΓΔ
384 3089 445 3145 τοῦ
464 3085 565 3147 ΑΕΖ
588 3083 698 3166 μεῖζόν
717 3079 815 3146 ἐστιν.
852 3080 973 3165 ὁμοίως
992 3076 1028 3145 δὲ
1048 3082 1133 3146 δείκ-

194 3387 218 3436 1.
244 3380 331 3454 ἔσται]
353 3397 406 3437 om.
426 3397 449 3435 ο
540 3377 684 3451 dudm,
713 3377 791 3441 ἐντός
809 3377 862 3433 Vc.
954 3383 995 3433 18.
1019 3379 1054 3451 ἡ]
1078 3379 1132 3447 Vc,

105 3451 374 3576 ὁῳψλοτλτεολο
435 3452 503 3525 ΗΒ]
523 3453 718 3520 Hecorrmp
778 3455 819 3503 19.
840 3449 1034 3520 B]p‚.PVe
1089 3456 1130 3504 κδ.

156 3522 248 3592 Jelac
267 3521 363 3596 κούμ
441 3452 696 3598 27.]]A1'A],v0p
714 3524 890 3577 ΔΓεοοττ
904 3537 945 3571 m
962 3521 1032 3573 01
