2430 3854
120 152 165 216 34
389 157 476 208 ΠΕΡΙ
494 156 710 207 ΚΤΛΙΝΔΡΟΤ
728 155 864 208 ΤΟΜΗΣ.

121 298 242 384 μέρους
264 309 322 382 τής
345 299 537 383 ἐπιφανείας
560 301 636 383 δίχα
660 301 862 382 τμηθήσεται
884 299 949 364 ὑπὸ
973 309 1033 364 τοῦ
1052 322 1138 386 παρ-

121 406 406 490 αλληλογράμμου.

188 533 270 594 ἐστω
294 531 482 615 κύλινδρος,
506 525 546 594 οὗ
569 530 682 613 βάσεις
700 527 760 613 μέν
779 531 813 594 οί
829 537 875 613 Α,
896 535 923 594 Β
947 532 1074 614 κύκλοι,
1098 534 1138 597 τὸ

121 633 159 702 δέ
191 638 247 701 διδι
278 645 339 701 τοῦ
371 635 489 714 άξονος
522 639 865 721 παραλληλόγραμμον
897 637 933 700 τὸ
967 641 1047 720 ΓΔ,
1080 637 1139 702 καὶ

87 766 103 814 5
122 746 273 828 είλήφθω
297 755 335 807 τι’
353 754 488 826 σημείου
511 741 564 807 ἐπὶ
587 751 645 825 τής
663 742 856 826 ἐπιφανείας
874 751 933 807 τοῦ
951 746 1137 827 κυλίνδρου

121 852 158 915 τὸ
182 855 225 932 Ε,
253 847 308 913 καὶ
336 847 399 913 άπὸ
427 857 487 912 τοῦ
514 854 546 913 Ε
571 848 780 933 παράλληλος
807 851 900 932 ήχθω
928 850 1046 937 εὐθείᾳ
1069 851 1138 916 τινὶ

122 956 251 1044 καθέτῳ
272 954 325 1021 ἐπὶ
344 958 405 1039 τήν
425 959 490 1019 TA
508 955 607 1039 βάσιν
625 965 685 1019 τοῦ
703 957 1056 1040 παραλληλογράμμου,
1080 957 1138 1022 καί

122 1067 204 1128 ἐστω
228 1063 248 1146 ή
271 1067 344 1127 ΕΖ.
381 1060 475 1145 λέγω,
499 1061 549 1126 ὅτι
572 1061 592 1144 ή
616 1065 679 1125 ΕΖ
703 1061 795 1138 ἐντὸς
817 1074 962 1126 πεσεῖται
985 1071 1045 1127 τοῦ
1070 1068 1138 1129 ΓΔ

121 1168 465 1255 παραλληλογράμμου
502 1166 557 1232 καὶ
592 1167 899 1252 προσεκβαλλομένη
937 1167 1031 1254 μέχρι
1073 1180 1136 1235 τοῦ

70 1296 104 1345 10
123 1274 236 1360 ἑτέρου
253 1274 375 1360 μέρους
392 1285 450 1359 της
464 1275 657 1359 ἐπιφανείας
676 1276 752 1358 δίχα
770 1278 972 1358 τμηθήσεται
990 1276 1055 1341 ὑπὸ
1075 1287 1138 1342 τοῦ

122 1382 476 1467 παραλληλογράμμου.

189 1509 283 1591 ήχθω
308 1507 363 1570 διδι
386 1516 445 1571 τοῦ
464 1512 496 1571 Ε
517 1508 653 1589 σημείου
677 1506 765 1590 παρὰ
788 1507 847 1570 τὸν
870 1505 1009 1588 άξοναή
1032 1511 1142 1571 ΘΕΗ

123 1615 238 1678 εύθεία
261 1611 425 1697 τέμνουσα
448 1614 510 1695 τήν
532 1610 745 1697 περιφέρειαν
767 1621 825 1694 τής
843 1612 970 1695 βάσεως
992 1614 1075 1676 κατὰ
1099 1615 1137 1678 τὸ

125 1726 167 1804 Θ,
190 1718 245 1784 καὶ
269 1721 324 1783 διὰ
347 1727 406 1783 τοῦ
433 1723 461 1782 Θ
478 1719 572 1801 ήχθω
592 1718 612 1800 ἡ
634 1721 702 1782 ΘΚ
718 1718 926 1802 παράλληλος
944 1728 983 1802 τή
1002 1717 1056 1783 ἐπὶ
1074 1721 1137 1803 τήν

71 1846 103 1893 15
124 1831 189 1892 TA
212 1825 352 1913 καθέτῳ,
375 1824 464 1911 ήτινι
487 1825 696 1909 παράλληλος
717 1824 887 1888 ὑπόκειται
905 1824 925 1907 ἡ
945 1828 1022 1887 ΕΖ·
1046 1838 1141 1909 τεμεῖ

123 1936 187 2019 άρα
210 1933 230 2016 ἡ
253 1936 320 1996 ΘΚ
335 1933 396 2014 τήν
416 1934 480 1995 TA
498 1929 553 1994 καὶ
571 1932 663 2013 αὐτή.
700 1933 794 2014 ήχθω
818 1926 880 1995 οὖν
899 1931 955 1994 διά
973 1940 1040 1995 τῶν
1054 1936 1137 2015 ΗΘ,

126 2044 194 2104 ΘΚ
223 2040 379 2104 ἐπίπεδον
406 2036 526 2121 τέμνον
553 2038 611 2101 τὸν
640 2038 820 2121 κύλινδρον
850 2034 904 2101 καί
934 2040 1066 2101 ποιείτω
1099 2041 1136 2103 τὸ

123 2151 202 2211 ΗΝ
224 2147 581 2230 παραλληλόγραμμον,
608 2143 663 2208 καί
691 2143 874 2226 ἐπεζεύχθω
902 2143 922 2226 ἡ
948 2147 1016 2207 ΚΛ
1039 2148 1136 2229 κοινή

123 2255 205 2336 τομή
229 2263 296 2317 τῶν
320 2255 399 2334 TA,
423 2255 502 2316 NH
520 2250 879 2335 παραλληλογράμμων.
926 2248 994 2313 ἐπεὶ
1017 2256 1137 2316 τοίνυν

71 2377 105 2426 20
124 2361 161 2423 αί
185 2363 263 2442 ΕΖ,
286 2362 353 2423 ΚΘ
381 2368 419 2443 τή
448 2358 530 2443 αὐτή
559 2359 622 2422 είσι
649 2357 867 2441 παράλληλοι,
895 2355 950 2420 καί
978 2355 1137 2440 ἀλλήλαις

124 2468 187 2550 άρα
211 2463 274 2529 εἰσί
296 2465 513 2550 παράλληλον
545 2467 603 2528 καί
624 2462 751 2545 ἐστινή
774 2467 841 2527 ΘΚ
857 2463 893 2527 ἐν
911 2473 956 2550 τῳ
975 2467 1052 2527 ΚΗ
1068 2463 1136 2529 ἐπι-

123 2571 225 2659 πέδῳ·
255 2570 309 2635 καί
333 2570 352 2653 ή
376 2575 440 2635 ΕΖ
463 2573 526 2655 άρα
550 2569 586 2634 ἐν
609 2580 653 2657 τῳ
678 2574 754 2634 ΚΗ
773 2569 862 2634 ἐστιν
885 2569 1037 2657 ἐπιπέδῳ.
1085 2571 1137 2635 ἐκ-

123 2675 307 2761 βαλλομένη
331 2680 395 2762 άρα
418 2678 438 2760 ἡ
462 2681 525 2741 ΕΖ
547 2681 657 2741 πίπτει
681 2675 733 2740 ἐπὶ
756 2678 817 2759 τήν
840 2679 922 2759 ΛΚ,
949 2677 1021 2758 ήτις
1044 2677 1136 2743 ἐστίν

125 2784 160 2849 ἐν
184 2793 228 2871 τῳ
253 2787 285 2847 Γ
284 2788 317 2846 A
337 2782 488 2871 ἐπιπέδῳ.
526 2783 545 2866 ή
569 2788 632 2847 ΕΖ
655 2785 719 2867 ἄρα
742 2782 834 2859 ἐντὸς
855 2786 965 2847 πίπτει
988 2793 1048 2847 τοῦ
1070 2788 1136 2850 ΓΔ

71 2909 105 2957 25
123 2891 477 2975 παραλληλογράμμου.

124 3087 336 3098 -4-———·

196 3233 219 3280 3.
240 3223 346 3297 βάσεις]
365 3244 383 3294 p
403 3227 431 3277 et
447 3241 515 3279 corr
531 3222 616 3294 expio}
597 3241 659 3285 ασις
676 3222 706 3275 in
721 3223 905 3293 scribendoc,
926 3222 1005 3313 βάσις
1019 3225 1052 3279 V.
1109 3231 1134 3282 8.

127 3299 187 3390 TA]
208 3301 263 3350 Te
284 3313 351 3351 corr.
371 3315 397 3364 p.
463 3302 503 3349 12.
525 3296 675 3381 (amp,
697 3298 785 3349 ΘΕΚ
801 3296 895 3350 Vc
920 3301 960 3349 15.
980 3292 1134 3368 ,ήιητινιῃ

124 3364 270 3449 ηιτῖήνιλί,
295 3364 430 3434 ήτίνιν.
503 3364 737 3436 τεμεῖ]τέμειΕ.
830 3372 870 3420 16.
892 3366 963 3437 ΘΚ]
985 3369 1010 3422 Θ
1030 3384 1045 3421 e
1065 3385 1133 3423 corr.

122 3438 312 3492 mseriwa
402 3437 451 3492 καί
469 3437 555 3529 αβτή]
581 3454 683 3505 om.p
712 3435 816 3491 κααὶθ
780 3458 850 3507 τη
874 3437 927 3491 Vc
1019 3445 1061 3494 21.
1082 3440 1135 3494 εἰσί

78 3391 193 3615 ,τινα
130 3529 193 3573 αρα
186 3508 303 3580 λληλοι]
319 3509 496 3581 παράλληλοί
514 3509 566 3564 εἰσι
584 3527 611 3579 p
723 3535 726 3542 ’
