2430 3854
125 171 167 234 70
393 171 480 222 ΠΕΡΙ
498 171 713 223 ΚΤΛΙΝΔΡΟΤ
731 170 868 224 ΤΟΜΗΣ.

122 339 183 398 μεν
200 325 319 398 κῶνον,
342 310 383 379 οὗ
405 312 502 397 βάσις
521 314 539 379 6
557 312 633 400 περὶ
651 313 829 399 διάμετρον
847 316 908 399 τὴν
927 314 989 388 ΡΞ
1004 315 1137 399 κύκλος,

123 424 160 487 τὸ
184 419 222 486 δὲ
244 423 300 485 διὰ
322 430 382 485 τοῦ
405 419 522 498 ἄξονος
544 424 709 506 τρίγωνον
731 422 768 486 τὸ
787 421 895 505 SPE,
917 423 1008 486 ἔσται
1026 419 1083 485 καὶ
1102 420 1139 486 ἐν

122 537 168 616 τῷ
193 530 288 616 κώνῳ
311 529 404 612 τομή,
427 523 466 610 ἧς
485 525 659 613 διάμετρός
678 526 767 592 ἐστιν
789 528 809 611 ἡ
833 528 910 602 ΝΞ.
954 528 1076 612 ὁμοίως
1096 531 1139 613 δὴ

123 647 193 711 τοῖς
219 632 507 722 προδεδειγμένοις
534 635 744 719 δειχθήσεται
770 633 826 699 καὶ
854 634 874 717 ἡ
903 633 1040 722 δευτέρα
1064 634 1140 700 διοί-

88 754 104 802 5
123 765 240 828 μετρος
258 742 278 826 ἡ
297 741 379 824 αὕτη
398 737 482 807 οὖσα
500 738 556 804 καὶ
573 750 676 805 πᾶσαι
694 743 731 805 αἱ
746 739 950 825 τεταγμένως
967 741 1139 825 ἀγόμεναι.

121 848 275 932 τέτμηται
302 849 366 934 ἄρα
393 845 449 912 καὶ
476 846 493 912 6
521 857 627 923 κῶνος
654 857 693 933 τῇ
720 847 804 933 αὐτῇ
832 847 974 925 ἐλλείψει
996 855 1056 911 τοῦ
1082 850 1138 914 δο-

122 954 242 1032 θέντος
263 955 459 1041 κυλίνδρου·
483 954 561 1039 ὅπερ
585 955 651 1018 ἐδει
674 962 818 1038 ποιῆσαι.

596 1210 660 1269 κγ.

189 1314 310 1377 Κύνου
338 1309 499 1387 δοθέντος
526 1311 636 1397 εὑρεῖν
659 1311 842 1397 κύλινδρον
865 1308 920 1377 καὶ
942 1321 1053 1394 τεμεῖν
1077 1310 1139 1395 ἀμ-

70 1431 104 1480 10
124 1418 287 1506 φοτέρους
310 1416 359 1483 ἑνὶ
383 1416 524 1506 ἐπιπέδῳ
549 1418 606 1481 διὰ
628 1426 686 1500 τῆς
708 1426 809 1501 τομῆς
830 1425 984 1483 ποιοῦντι
1008 1416 1044 1482 ἐν
1065 1415 1139 1481 ἕκα-

123 1524 206 1612 τέρῳ
230 1524 345 1608 ὁμοίας
368 1523 536 1602 ἐλλείψεις.

189 1632 341 1696 δεδόσθω
365 1643 481 1715 κῶνος,
504 1627 546 1696 οὗ
564 1630 660 1714 βοίσις
677 1627 738 1714 μὲν
759 1630 777 1696 6
796 1628 872 1717 περὶ
890 1632 927 1696 τὸ
946 1638 978 1696 Α
997 1629 1138 1718 κέντρον

122 1739 251 1822 κύκλος,
274 1739 406 1823 κορυφὴ
427 1734 464 1801 δὲ
481 1738 518 1802 τὸ
538 1741 565 1801 Β
585 1748 731 1820 σημείου,
754 1738 791 1801 τὸ
810 1734 848 1800 δὲ
867 1738 922 1801 διδι
940 1746 1000 1802 τοῦ
1019 1736 1139 1816 ἄξονος

123 1848 287 1930 τρίγωνον
305 1846 342 1909 τὸ
362 1847 462 1909 ΓΒΛ
479 1845 563 1929 πρὸς
581 1843 687 1928 ὀρθὰς
705 1842 745 1907 δν
763 1853 803 1928 τῇ
822 1844 916 1926 βοίσει
935 1852 995 1908 τοῦ
1014 1845 1138 1927 κώνου,

71 1962 104 2011 15
122 1949 177 2015 καὶ
201 1950 412 2034 ἐκβεβλήσθω
436 1948 489 2034 ἐφ’
511 1947 645 2035 ἕκοίτερα
668 1948 688 2031 ἡ
710 1953 820 2034 ΑΓΕ,
839 1955 953 2035 ΑΛΖ,
976 1949 1031 2015 καὶ
1055 1953 1139 2037 πρὸς

123 2066 162 2142 τῇ
177 2047 250 2121 ἈΒ
274 2055 398 2145 καὶτῷ
420 2057 503 2142 πρὸς
526 2056 610 2140 αὐτῇ
633 2059 755 2143 σημείῳ
779 2065 825 2144 τῳ
850 2061 879 2120 Β
903 2057 1092 2122 συνεστάτω
1117 2057 1137 2141 ἡ

122 2164 187 2229 ὑπὸ
215 2175 282 2229 τῶν
308 2168 389 2248 ΛΒ,
413 2167 475 2227 ΒΖ
504 2165 608 2245 γωνία
636 2163 709 2244 ἤτοι
737 2165 855 2245 μείζων
885 2158 968 2228 οὖσα
990 2171 1049 2245 τῆς
1071 2162 1137 2227 ὑπὸ

123 2274 223 2335 ΒΓΔ
250 2269 271 2353 ἢ
299 2269 460 2353 ἐλάσσων,
488 2267 543 2333 καὶ
570 2278 638 2333 τῶν
667 2272 742 2352 ΓΖ,
766 2273 833 2333 ΖΔ
860 2267 941 2352 μέση
970 2268 1138 2351 ιἰνοίλογον

123 2379 274 2462 εἰλήφθω
298 2376 318 2459 ἡ
343 2381 425 2458 ΖΗ,
447 2374 502 2440 καὶ
526 2375 709 2458 ἐπεζεύχθω
733 2373 753 2457 ἡ
772 2379 857 2459 ΒΗ,
880 2383 939 2439 τοῦ
963 2372 1000 2438 δέ
1024 2378 1138 2458 ζητου-

69 2497 105 2546 20
123 2484 225 2569 μένου
252 2483 434 2567 κυλίνδρου
462 2482 559 2565 βοίσις
586 2485 667 2546 ἔστω
695 2483 769 2564 ἤτοι
795 2481 813 2546 6
842 2487 874 2546 A
896 2483 1016 2557 κύκλος
1038 2481 1059 2564 ἢ
1083 2481 1138 2546 καὶ

123 2593 222 2666 ίίλλος
249 2612 300 2666 τις
326 2588 363 2653 ἐν
390 2598 435 2676 τῳ
463 2588 552 2676 αὐτῷ
582 2585 723 2675 ἐπιπέδῳ
751 2597 797 2676 τῳ
826 2593 858 2651 Α
883 2589 1007 2675 κύκλῳ·
1036 2585 1138 2654 οὐδὲν

123 2697 186 2780 γὰρ
211 2697 338 2759 διοίσει.
383 2697 466 2759 ἐστω
490 2695 531 2778 δὴ
555 2693 573 2759 6
596 2691 671 2780 περὶ
694 2696 755 2778 τὴν
777 2699 843 2759 ΕΘ
866 2695 1058 2781 διοίμετρου,
1082 2694 1137 2761 καὶ

124 2803 180 2866 διδι
194 2813 260 2867 τῶν
273 2806 313 2884 Ε,
326 2805 354 2864 Θ
368 2804 511 2885 σημείων
528 2801 733 2887 παράλληλοι
751 2810 791 2886 τῇ
808 2805 882 2865 ΒΗ
892 2801 1008 2889 εὐθείᾳ
1027 2803 1137 2886 ἤχθω-

124 2925 188 2973 σαν
215 2909 252 2971 αί
272 2910 352 2991 ΕΚ,
378 2912 454 2972 ΘΛ·
484 2906 520 2971 ἐν
547 2916 592 2995 τῳ
616 2907 705 2995 αύτῷ
729 2909 793 2992 ἄρα
816 2905 902 2971 εἰσὶν
924 2906 1067 2996 ἐπιπέδῳ
1091 2917 1136 2997 τῷ

197 3180 220 3229 2.
239 3170 388 3244 τρίγωνον]
408 3182 553 3241 τρῖγωνον,
570 3183 632 3241 τρῖγ
647 3187 661 3225 e
676 3188 744 3225 corr.
760 3189 795 3225 m.
813 3179 836 3240 1,
856 3170 889 3224 V.
963 3175 987 3224 3.
1007 3171 1090 3243 τομή]
1109 3190 1136 3242 p,

123 3255 209 3317 τομῆς
227 3246 280 3300 Vc.
355 3249 378 3298 7.
398 3241 466 3311 ὅπερ
487 3241 544 3297 ἔδει
562 3244 688 3315 ποιῆσαι]
708 3260 762 3297 om.
780 3261 807 3311 p.
888 3246 912 3296 8.
932 3242 992 3313 κγ’]
1011 3243 1060 3313 ιβ’
1080 3261 1136 3312 mg.

124 3337 160 3372 m.
179 3335 232 3372 rec.
253 3317 286 3372 V.
369 3319 410 3368 14.
431 3313 475 3384 ὄν]
494 3332 526 3384 p,
551 3313 581 3368 ἐν
599 3315 652 3369 Vn.
735 3319 776 3367 15.
795 3313 813 3383 ἡ
832 3317 922 3383 ΑΓΕ,
937 3315 1031 3385 ΑΔΖ]
1050 3314 1068 3384 ἡ
1089 3318 1137 3368 ΓΔ

125 3387 250 3444 κατὰτὰ
270 3392 295 3441 Ε
313 3386 362 3442 καὶ
383 3390 404 3440 Ζ
423 3394 523 3454 σημεῖα
540 3404 567 3454 p.
641 3392 683 3441 16.
702 3387 747 3457 τῇ]
766 3385 818 3454 τήν
836 3403 863 3455 p.
937 3389 978 3438 1⁷.
999 3393 1056 3440 τῶν
1075 3390 1136 3454 ΔΒ,

113 3461 191 3529 BZ]
204 3463 293 3512 ΔΒΖ
306 3476 336 3528 p.
431 3462 472 3511 19.
497 3456 636 3528 εἰλήφθω]
661 3455 727 3510 ἔστω
745 3475 772 3525 p.
863 3461 905 3510 22.
930 3454 982 3527 δή]
1008 3453 1041 3510 δέ
1059 3457 1136 3527 ch,

80 3540 173 3623 ηοοιτ,
192 3528 308 3598 Halley
326 3547 392 3586 cum
414 3529 521 3588 Comm.
596 3533 641 3585 23.
662 3531 716 3583 BH
735 3524 849 3600 εύθεληη
867 3531 919 3580 ΗΒ
938 3528 1050 3582 εὐθεῖαι
1067 3545 1094 3597 p.
