2430 3854
413 175 463 225 nn
483 174 660 226 snorronn
678 174 772 226 coru.
1031 172 1093 235 185

88 321 197 381 autem
220 317 358 382 circulus
378 318 498 383 circum
517 321 545 380 B
565 321 711 381 centrum
730 316 920 400 descriptum
942 317 1094 381 minimus

87 429 196 488 autem
219 424 457 510 triangulorum
479 446 536 508 per
560 446 652 487 axem
675 423 845 487 ductorum
866 423 909 486 sit
928 429 959 487 A
966 425 1040 506 ΓΛ,
1064 427 1096 487 et

87 535 238 614 oporteat
269 554 326 615 per
358 554 450 595 exem
482 535 548 594 AB
584 530 717 613 plenum
749 530 863 593 ducere
895 529 1096 614 triangulum

291 647 294 653 '
663 635 824 720 efficiens,
867 636 923 718 qm'
964 638 1004 701 ad
1042 637 1097 701 tri-

548 774 591 837 s
664 742 819 827 angulum
856 745 961 807 ΑΓΛ
1001 742 1097 806 ratio·

509 835 547 895 ss
662 870 737 913 nem
746 849 875 934 hebeat,
888 871 985 933 quam
994 849 1098 913 maior

663 960 752 1020 reeta
774 960 825 1019 E:
842 960 882 1040 Z,
908 977 988 1038 quae
1012 956 1095 1020 ratio

662 1063 766 1126 maior
784 1084 850 1126 non
869 1062 976 1145 niteo,
1000 1085 1098 1146 quam

663 1169 763 1234 habet
781 1170 940 1234 maximus
955 1167 1099 1254 triangu-

664 1275 770 1338 lorum
793 1297 851 1358 per
874 1297 966 1340 axem
989 1276 1100 1341 duoto-

664 1403 736 1445 rum
751 1381 791 1444 ad
805 1382 975 1446 minimum
990 1389 1023 1446 A
1029 1385 1061 1445 Γ
1056 1388 1098 1446 Δ.

712 1487 778 1551 iam
793 1489 821 1552 si
839 1493 886 1552 E:
899 1494 925 1551 Ζ
939 1489 1099 1553 rationem

663 1593 776 1678 habet,
811 1616 908 1677 quam
940 1597 1098 1660 maximus

666 1699 904 1784 triangulorum
926 1725 984 1785 per
1007 1725 1099 1767 axem

667 1807 838 1871 ductorum
861 1807 902 1870 ad
920 1807 1099 1891 minimum,

667 1917 755 1977 recta
781 1914 816 1976 in
840 1914 959 1978 oiroulo
986 1935 1044 1997 per
1072 1919 1100 1978 Β

669 2020 709 2082 ad
744 2022 809 2083 ΓΔ
843 2019 1100 2103 perpendiculari

92 2125 190 2188 dueta
213 2129 246 2188 et
268 2125 365 2210 pleno
388 2147 446 2209 per
467 2130 589 2190 rectam
612 2126 742 2191 ductam
765 2147 919 2211 axemque
942 2126 1100 2210 producto

92 2231 293 2316 triangulum
315 2232 553 2314 aequicrurium
571 2232 772 2317 hobebimnn,
796 2233 851 2317 qui
874 2233 1033 2297 maximus
1058 2233 1100 2296 sit

93 2337 330 2422 triangulorum
353 2361 411 2421 per
433 2361 525 2403 exem
548 2339 732 2424 ductorum3
758 2339 838 2405 haee
861 2341 947 2404 enim
971 2340 1102 2404 demon·
1192 2358 1193 2361 ’

93 2448 197 2508 strata
212 2449 288 2509 sunt
302 2444 405 2528 [prop.
416 2444 554 2531 XXIV]3
573 2450 605 2510 et
620 2445 661 2509 ad
670 2451 702 2509 A
709 2448 773 2509 ΓΔ
786 2445 946 2512 rationem
959 2445 1102 2529 hebebit,

93 2573 191 2635 quom
213 2556 265 2615 E:
281 2556 321 2635 Z,
344 2553 406 2616 hoo
429 2556 479 2616 est
501 2551 710 2635 propositam.

159 2659 225 2723 iam
253 2681 330 2723 uero
362 2663 390 2722 E
402 2662 453 2720 :Z
480 2658 638 2723 minorem
664 2658 824 2722 rationem
847 2659 978 2743 habeat,
1007 2680 1103 2742 quam

94 2766 254 2831 maximus
283 2765 521 2850 triangulorum
548 2787 605 2848 per
633 2787 724 2829 axem
752 2765 923 2830 ductorum
948 2766 989 2829 od
1012 2765 1104 2829 mini-

94 2895 196 2955 mum,
223 2877 426 2956 ponaturque
458 2873 656 2936 extrinsecus
689 2876 779 2936 reeta
806 2875 877 2936 ΗΘ
903 2877 1009 2937 rectae
1038 2875 1103 2936 ΓΔ

93 2978 253 3064 aequatio,
281 2983 313 3043 et
343 2979 378 3042 in
405 3001 442 3042 ea
468 2978 651 3064 triangulus
674 2981 783 3042 ΚΗΘ
809 2978 973 3064 triangulo
1001 2983 1033 3041 A
1040 2981 1105 3041 ΓΛ

94 3085 224 3170 simite,
255 3086 302 3149 ita
331 3089 369 3149 ut
397 3085 494 3149 etiam
521 3088 596 3149 KH
608 3116 648 3137 =
664 3088 735 3149 ΑΓ
757 3089 789 3149 et
817 3084 926 3148 omnio
954 3082 1103 3147 omnibus

94 3191 200 3276 [Euel.
215 3191 271 3275 VI,
286 3192 331 3277 4],
354 3196 386 3256 et
408 3191 443 3255 in
462 3195 533 3255 ΗΘ
551 3191 733 3276 triangulus
757 3193 964 3256 construetur
982 3192 1104 3252 rectam

95 3322 113 3362 o
141 3299 262 3363 uertice
291 3299 331 3362 ed
357 3292 524 3383 punctum
542 3298 683 3363 medium
710 3297 798 3362 basis
826 3301 933 3360 rectae
961 3297 1030 3358 KA
1056 3316 1104 3359 ae-

95 3407 224 3488 qualem
251 3405 374 3469 habens
403 3409 435 3468 et
465 3405 505 3468 ad
528 3407 635 3468 ΚΗΘ
656 3405 816 3468 rationem
842 3402 979 3485 habene,
1008 3423 1104 3486 quem

95 3518 146 3576 E:
161 3517 190 3576 Ζ
214 3512 231 3595 Ι
227 3534 322 3598 prop.
351 3509 485 3598 XXVI}
540 3511 730 3600 triangutue
763 3509 873 3598 ‘rg'xtur
910 3509 1144 3624 nonmu-
