2430 3854
131 184 194 248 134
445 189 533 239 ΠΕΡΙ
550 187 678 240 mmor
696 188 831 242 ΤΟΜΗΣ.

612 391 655 449 ιγ.

193 486 271 554 Ἐἄν
297 489 333 555 έν
360 492 456 579 κώνῳ
484 490 578 578 ὀρθςό
606 491 643 554 τὸ
669 491 725 554 διὰ
748 498 808 555 τοῦ
831 488 948 568 ἄξονος
974 495 1142 576 τρίγωνον

128 593 283 678 μέγιστον
301 591 322 682 ᾖ
340 597 475 662 ιιᾶντων
493 607 560 661 τῶν
577 595 668 673 ἐκτὸς
685 605 745 662 τοῦ
760 595 877 674 ἄξονος
890 596 1142 681 συνισταμένων

129 703 316 787 τριγώνων,
345 703 362 767 ὁ
386 701 474 781 ἄξων
496 712 556 767 τοῦ
579 704 690 768 κώνου
713 703 774 768 οὐκ
798 702 946 768 ἐλάσσων
969 706 1060 768 ἔσται
1083 714 1142 787 τῆς

93 805 163 872 ὁέκ
186 816 246 872 τοῦ
269 807 409 895 κέντρου
433 818 490 892 τῆς
512 808 647 893 βᾶσεως.

196 917 278 979 ἔστω
302 927 418 1000 κῶνος,
442 913 483 982 οὗ
506 919 636 1002 κορυφὴ
659 913 720 999 μὲν
742 917 779 980 τὸ
799 921 841 998 Α,
864 913 951 993 ἄξων
975 913 1011 980 δὲ
1034 916 1054 998 ἡ
1074 921 1141 981 ΑΒ

128 1020 259 1104 εὐθεῖα,
280 1021 383 1104 -βᾶσις
406 1018 443 1086 δὲ
465 1022 483 1086 ὁ
506 1021 581 1108 περὶ
604 1023 641 1086 τὸ
665 1026 694 1085 Β
721 1021 858 1108 κέντρον
880 1024 1014 1106 κύκλος,
1042 1025 1079 1087 τὸ
1103 1021 1141 1088 δὲ

128 1127 184 1191 θιᾶ
207 1137 267 1192 τοῦ
286 1126 403 1206 ἄξονος
421 1132 585 1214 τρίγωνον
602 1129 640 1194 τὸ
657 1133 756 1194 ΑΓΛ
774 1128 928 1212 μέγιστον
946 1129 986 1195 ἄν
1005 1131 1141 1195 πᾶντων

127 1245 195 1298 τῶν
222 1234 259 1300 έν
286 1243 331 1322 τῷ
363 1236 458 1321 κώνῳ
488 1234 737 1319 συνισταμένων
764 1237 936 1321 τριγώνων
960 1235 1051 1312 ἐκτὸς
1078 1246 1139 1301 τοῦ

75 1352 109 1400 10
128 1338 254 1418 ἄξονος.
304 1340 404 1425 λέγω,
433 1341 483 1405 ὅτι
506 1339 527 1424 ἡ
551 1346 617 1406 ΑΒ
646 1343 707 1407 οᾶκ
731 1341 821 1406 ἐστιν
848 1341 991 1407 έλᾶττων
1018 1352 1077 1426 τῆς
1104 1343 1140 1407 έκ

127 1454 187 1511 τοῦ
210 1445 359 1533 κέντρου.
1037 1459 1038 1462 ’

194 1555 224 1617 εί
250 1554 313 1638 γὰρ
342 1554 502 1638 δυνατόν,
535 1557 617 1620 ἔστω
647 1554 805 1638 ἐλάττων,
837 1553 892 1620 καὶ
914 1557 1008 1639 ἤχθω
1033 1555 1139 1643 ἐντῷ

126 1660 236 1747 κύκλῳ
269 1661 351 1745 πρὸς
379 1660 486 1747 ὀρθὰς
512 1669 551 1746 τῇ
580 1664 641 1726 ΓΔ
668 1661 688 1744 ἡ
715 1665 788 1726 ΒΕ.
842 1660 896 1726 καὶ
924 1659 993 1726 ἐπεὶ
1024 1661 1044 1744 ἡ
1072 1663 1139 1726 ὑπὸ

128 1771 231 1831 ΑΒΕ
252 1770 357 1850 γωνία
380 1767 469 1853 ὀρθή
492 1766 596 1851 ἐστιν,
623 1768 644 1851 ἡ
668 1770 731 1854 ἄρα
753 1769 793 1833 τὰ
817 1775 858 1852 Α,
877 1773 907 1832 Ε
929 1781 1046 1852 σημεῖα
1070 1767 1138 1833 εἀι-

75 1883 108 1932 15
128 1874 333 1956 ζευγνύουσα
355 1874 472 1939 εὐθεῖα
489 1877 608 1958 μείζων
627 1872 696 1939 ἐστὶ
714 1885 772 1958 τῆς
790 1875 826 1939 έκ
844 1884 904 1940 τοῦ
922 1874 1061 1961 κέντρου
1081 1885 1139 1958 τῆς

125 1984 198 2045 ΒΕ.
232 1980 290 2046 ε’ἄν
308 1983 372 2067 ἄρα
392 1987 446 2063 ίσιγ
465 1991 505 2066 τῇ
524 1978 560 2045 έκ
578 1989 638 2045 τοῦ
657 1978 797 2066 κέντρου
813 1980 875 2046 ἄιιὸ
890 1991 950 2046 τοῦ
965 1989 997 2046 Α
1014 1982 1079 2046 ὑπὸ
1098 1993 1139 2068 τῇ

125 2086 190 2151 ὑπὸ
205 2092 309 2151 ΑΒΕ
322 2091 427 2174 γωνίᾳ
441 2085 643 2172 έναρμοσθῇ,
662 2085 782 2170 μεταξὺ
796 2099 941 2153 πεσεῖται
955 2099 1023 2153 τών
1037 2093 1065 2152 Β
1080 2086 1137 2152 καὶ

125 2197 157 2256 Ε
178 2197 330 2276 σημείων.
367 2192 563 2278 ἐνηρμόσθω
583 2193 603 2276 ἡ
624 2198 656 2257 Α
662 2198 689 2256 Ζ
713 2199 767 2276 ἴση
791 2205 830 2280 τῇ
853 2193 889 2258 ἑκ
907 2203 967 2260 τοῦ
986 2194 1138 2277 κέντρου,

126 2296 181 2362 καὶ
204 2299 266 2362 διὰ.
287 2309 347 2365 τοῦ
372 2305 399 2364 Ζ
426 2300 515 2385 παρὰ
540 2300 602 2383 τὴν
626 2302 687 2365 ΓΔ
713 2301 809 2383 ἤχθω
832 2301 853 2384 ἡ
876 2305 916 2364 Η
919 2305 960 2384 Θ,
989 2299 1043 2365 καὶ
1067 2301 1138 2366 έπε-

73 2415 108 2464 20
128 2406 253 2488 ζεύχθω
276 2404 297 2489 ἡ
322 2411 404 2470 ΒΗ·
433 2407 603 2489 γενήσεται
627 2406 679 2490 δή,
703 2406 747 2483 ώς
771 2406 807 2471 ἐν
829 2416 874 2494 τῳ
899 2405 927 2471 ε’
946 2409 1139 2492 θεωρήματι

125 2510 275 2595 ἐδείχθη,
298 2513 338 2576 τὰ
362 2517 477 2595 ΑΒΖ,
496 2517 600 2576 ΗΒΖ
623 2515 769 2598 τρίγωνα
793 2513 904 2596 ὅμοια,
931 2511 987 2577 καὶ
1010 2519 1079 2578 ἴσαι
1103 2517 1142 2579 αἱ

125 2616 291 2700 ὁμόλογοι,
313 2616 368 2682 καὶ
392 2618 436 2694 ὡς
458 2617 479 2700 ἡ
505 2624 569 2683 ΖΑ
591 2620 674 2705 ιιρὸς
692 2624 769 2702 ΑΒ,
793 2619 898 2696 οὕτως
920 2619 940 2702 ἡ
962 2623 1036 2684 ΒΗ
1054 2621 1139 2705 πρὸς

125 2726 203 2805 ΗΖ,
226 2722 397 2788 τουτέστιν
420 2724 440 2807 ἡ
461 2727 522 2788 ΓΒ
544 2726 627 2810 αρὸς
644 2728 723 2789 ΗΖ.
760 2726 796 2789 τὸ
816 2726 880 2811 ἄρα
897 2726 962 2790 ὑπὸ
982 2730 1058 2809 ΑΒ,
1073 2731 1144 2790 ΒΓ

126 2833 200 2892 ίσον
224 2828 292 2894 ἐστὶ
310 2838 356 2915 τῷ
375 2828 440 2894 ὑπὸ
459 2835 491 2894 Α
497 2834 535 2913 Ζ,
551 2834 628 2914 ΖΗ,
651 2829 800 2895 τουτέστι
818 2832 855 2895 τὸ
870 2831 926 2894 διὰ
946 2840 1005 2895 τοῦ
1020 2831 1139 2910 ἄξονος

71 2945 106 2995 25
124 2936 289 3020 τρίγωνον
308 2942 382 3000 ίσον
401 2934 469 3000 ἐστὶ
488 2946 533 3024 τῷ
549 2941 657 3002 ΑΗΘ
675 2938 840 3024 τριγώνῳ·
860 2938 939 3022 ὅπερ
954 2937 1136 3002 ἀδύνατον·

194 3101 218 3164 '1.
239 3110 282 3182 η’]
301 3129 320 3180 p
339 3113 368 3164 et
385 3129 441 3181 mg.
461 3130 496 3165 m.
516 3127 571 3166 rec.
590 3111 624 3180 V,
643 3128 697 3165 om.
712 3111 770 3180 Vc,
789 3113 818 3165 et
837 3111 877 3165 sic
896 3111 1035 3179 deinceps.
1111 3119 1136 3167 2.

125 3180 168 3252 ἐν]
187 3198 240 3235 om.
256 3198 279 3236 ορ
334 3189 359 3237 6.
377 3182 447 3236 Post
466 3177 499 3236 οὗ
519 3181 573 3235 del.
589 3179 669 3252 βᾶσις
687 3200 723 3237 m.
739 3187 753 3234 1
769 3199 792 3237 ο.
849 3188 890 3237 14.
911 3183 1022 3253 σημεῖα]
1039 3199 1092 3237 om.
1108 3202 1136 3252 p.

161 3259 202 3307 16.
216 3261 249 3323 τῇ
264 3252 331 3325 paud]
347 3252 454 3322 scripsi,
467 3253 519 3322 τὴν
529 3252 584 3308 θτιό
598 3271 626 3322 p,
639 3260 690 3308 τοῦ
700 3254 753 3308 Vc.
815 3259 856 3307 17.
872 3253 971 3326 γωνίᾳ]
987 3251 1093 3322 γωνίαν
1108 3272 1136 3322 p.

161 3328 202 3378 19.
224 3325 261 3395 Z]
281 3341 296 3378 e
314 3341 382 3378 corr.
401 3342 428 3393 p.
505 3329 547 3378 20.
568 3326 640 3396 ΒΗ]
659 3327 718 3380 ΗΘ
736 3343 763 3394 p.
846 3331 888 3380 22.
908 3323 1050 3395 ὁμόλογοι]
1070 3324 1138 3393 ὁμί-

124 3395 202 3462 ίογοι
219 3392 336 3463 πλευραί
353 3413 380 3464 p.
452 3396 514 3466 ΑΒ]
532 3411 607 3465 vop,
627 3411 695 3449 corr.
715 3411 749 3449 ex
767 3398 821 3451 ΑΘ
839 3414 875 3451 m.
896 3403 910 3448 1
930 3396 962 3449 V.
1036 3393 1137 3468 οὕτως]

117 3479 216 3531 omp,
293 3467 634 3539 24.AZ]Ze00rr.p.
710 3467 832 3539 ΖΗ]μ,
851 3469 915 3528 ,ΞΝ
930 3467 984 3520 Vc.
1057 3487 1138 3520 τουτ»

99 3527 179 3600 e'm]
193 3535 283 3590 τουτί
297 3535 358 3593 ἐστι
377 3555 400 3594 ο.
479 3544 522 3596 25.
542 3539 707 3612 ἀδύνατον]
726 3538 760 3593 ἀ·
779 3554 795 3592 υ
813 3554 884 3593 opu.
899 3556 932 3605 p.
