2430 3854
402 189 472 246 ,nn
492 187 668 239 securene
688 187 782 240 coru.
1042 185 1105 248 175

93 330 249 396 minimus
277 335 398 413 autem,
433 330 490 414 qui
522 331 562 395 ad
593 330 698 394 basim
729 330 801 394 coni
832 330 1104 414 perpendicularis

93 443 157 523 est,
198 436 396 523 reliquorum
438 441 547 502 autem
583 436 724 501 maximo
764 435 897 520 propior
932 437 1104 502 remotiore

92 544 198 609 maior
221 550 279 609 est.

159 673 235 716 nam
257 650 292 714 in
315 673 396 716 cono
421 651 549 716 scaleno
568 672 627 734 per
645 671 738 714 axem
751 653 818 712 AB
840 647 997 734 trianguli
1016 650 1104 715 ducti

94 758 173 841 sint,
212 757 431 840 aequicrurius
462 763 494 821 A
501 760 576 841 ΓΔ,
611 754 884 841 perpendicularis
921 760 1029 821 autem
1064 757 1105 820 ad

92 864 227 949 planum
249 864 337 931 basis
361 868 470 930 ΑΕΖ.
514 863 595 948 dico,
619 862 763 927 omnium
786 863 1024 948 triangulorum
1046 886 1104 949 per

758 991 849 1033 axem
933 971 1104 1038 ductorum
1193 998 1194 1002 ¹

757 1076 933 1141 maximum
1034 1102 1103 1145 esse

518 1184 520 1193 '
653 1212 657 1228 s
756 1188 789 1246 A
796 1187 870 1269 ΓΔ,
933 1184 1103 1251 minimum

756 1295 865 1354 autem
887 1297 996 1357 AEZ.

819 1396 862 1461 sit
896 1399 983 1464 enim
1020 1400 1101 1464 alius

751 1503 933 1590 triangulus
943 1528 1001 1591 per
1010 1529 1102 1572 axem

751 1610 866 1675 ductus
898 1616 976 1676 ΑΗ
978 1617 1013 1677 Θ.
1070 1619 1102 1678 ei

751 1716 904 1798 quoniam
922 1740 1021 1784 conus
1037 1743 1102 1785 sca·

750 1821 842 1887 lenus
866 1828 924 1910 esi,
947 1825 1016 1890 axis
1035 1831 1101 1890 AB

751 1928 791 1991 ad
808 1933 917 2013 partes
938 1935 965 1995 Z
988 1954 1100 1996 uersus

749 2033 924 2101 inclinatus
939 2037 995 2123 sii3
1014 2037 1100 2102 latus

749 2140 852 2226 igilur
871 2148 939 2207 ΑΕ
961 2145 1101 2208 maxima

750 2252 800 2312 eri
829 2248 973 2313 omnium
1002 2254 1102 2315 recta-

749 2378 822 2421 rum
877 2356 918 2420 ab
973 2360 1006 2418 A
1061 2357 1102 2420 ad

470 2530 472 2534 ,
750 2462 909 2527 ambitum
924 2462 1102 2548 ductarum,

90 2566 226 2631 minima
250 2572 358 2633 autem
381 2573 447 2632 ΑΖ
474 2568 578 2654 [prop.
597 2568 699 2654 XVI}
752 2570 862 2652 itaque
885 2574 1000 2642 EA>
1015 2573 1100 2652 ΑΗ,

92 2677 156 2736 ZA
170 2685 204 2746 <
218 2677 295 2738 Aa.
329 2675 481 2759 quoniam
494 2675 597 2761 igilur
614 2677 676 2741 duo
694 2675 851 2762 trianguli
869 2679 979 2759 AEZ,
994 2679 1070 2739 AH
1073 2680 1101 2740 Θ

88 2780 183 2844 bases
206 2785 285 2865 EZ,
305 2785 344 2845 Η
347 2785 376 2845 Θ
403 2781 551 2866 aequales
575 2783 698 2848 habent
723 2787 908 2866 rectamque
937 2805 956 2846 a
979 2782 1100 2847 uertice

90 2888 130 2951 ad
152 2892 310 2972 punctum
333 2888 475 2953 medium
503 2889 591 2953 basis
616 2889 750 2954 eandem
773 2893 854 2972 AB,
877 2893 910 2953 ei

385 2999 808 3079 AE2AZ>HA2Ae,

89 3099 151 3164 erit
184 3099 505 3174 ΔΑΕΖ<ΗΑΘ
539 3100 644 3186 [prop.
668 3101 754 3185 XX].
809 3100 960 3166 similiter
992 3104 1100 3165 autem

89 3207 344 3294 demonstratur,
381 3208 480 3272 etiam
516 3207 666 3272 omnibus
705 3207 877 3292 triangulis
916 3229 974 3290 per
1008 3229 1100 3270 axem

88 3314 193 3378 ductis
223 3314 380 3378 minorem
412 3337 484 3380 eum
517 3336 601 3400 esse3
633 3335 711 3399 erge
739 3318 840 3379 EAZ
868 3312 1021 3376 minimus
1050 3317 1099 3377 est

90 3421 235 3487 omnium
267 3420 506 3506 triangulorum
538 3443 597 3505 per
629 3442 722 3485 axem
751 3420 929 3484 ductorum.
988 3441 1098 3484 rursus

89 3527 241 3610 quoniam
265 3525 505 3613 triangulorum
522 3530 650 3614 ΑΗΘ,
669 3528 771 3593 ΑΓΔ
795 3525 950 3590 eiuasas
965 3506 1150 3629 exasperaus*
