2430 3854
124 167 170 232 >66
398 170 719 224 ΠΕΡῙΚνΛῙαΔεον
736 173 875 226 ΤοΜΗΣ.

599 410 664 451 κα.

189 495 315 591 7Κώνου
354 525 514 605 δοθέντος
548 527 604 593 καὶ
636 528 809 607 ἐλλείψεως
841 528 877 593 ἐν
909 529 998 616 αὐτῷ
1032 528 1146 615 εὑρεῖν

126 634 308 719 κύλινδρον
331 637 531 718 τεμνόμενον
553 644 593 719 τῇ
617 636 699 721 αύτή
724 635 865 712 ἐλλείψει
888 644 948 700 τού
971 636 1094 700 κώνου.

130 784 132 788 “
194 761 276 823 ἐστω
305 758 322 824 ὁ
351 757 466 835 δοθεὶς
488 747 608 842 κῶνος,
635 755 677 824 οὗ
701 761 737 824 τὸ
761 761 818 824 διδι
845 768 904 824 τοῦ
933 756 1051 836 ἄξονος
1079 763 1147 846 τρί-

91 881 236 948 ογωνον
263 865 301 929 τὸ
324 868 438 948 ΑΒΓ,
466 865 486 948 ἡ
515 862 552 929 δὲ
579 867 718 931 δοθεῖσα
746 865 782 930 ἐν
805 866 894 955 αύτῷ
918 868 1078 950 ἔλλειψις,
1105 861 1145 950 ᾗς

128 972 302 1057 διάμετρος
325 970 345 1053 ἡ
366 976 438 1054 ΖΕ,
461 973 532 1055 ήτις
555 971 766 1055 ἐκβεβλήσθω
790 971 843 1037 ἐπὶ
863 974 901 1037 τὸ
919 978 963 1057 Λ,
984 971 1041 1036 καὶ
1061 995 1144 1058 παρ-

126 1079 266 1161 άλληλος
289 1087 328 1162 τῇ
353 1083 419 1142 ΖΛ
437 1077 457 1160 ἡ
476 1083 563 1162 ΑΜ,
586 1077 731 1144 καὶτῶν
754 1083 842 1163 ΒΜ,
859 1083 938 1144 ΜΓ
955 1078 1036 1163 μέσή
1063 1079 1143 1144 ἀνώ-

126 1191 227 1267 λοχον
252 1187 332 1249 ἔστω
356 1183 376 1266 ή
396 1188 485 1268 ΜΗ,
508 1183 563 1249 καὶ
583 1185 765 1270 ἐπεζεύχθω
785 1186 805 1269 ἡ
824 1190 905 1269 ΛΗ,
923 1183 978 1249 καὶ
996 1186 1055 1249 διὰ
1075 1198 1144 1251 τῶν

128 1297 156 1356 Ζ
178 1289 234 1355 καὶ
253 1295 284 1354 Ε
301 1295 446 1374 σημείων
463 1302 502 1377 τῇ
522 1296 598 1356 ΛΗ
611 1292 816 1378 παράλληλοι
833 1293 994 1376 ἤχθωσαν
1012 1293 1050 1356 αἱ
1069 1297 1144 1376 ΖΘ,

74 1413 107 1461 10
124 1401 239 1481 ΚΕΛ,
257 1395 312 1461 καὶ
332 1399 627 1484 συμπεπληρώσθω
647 1399 684 1463 τὸ
705 1403 770 1463 ΘΛ
788 1401 1143 1484 παραλληλόγραμμον.

126 1504 185 1570 ἐδιν
208 1506 249 1588 δή
273 1505 445 1588 νοήσωμεν
467 1506 658 1591 κύλινδρον,
682 1501 723 1570 οὗ
743 1505 840 1588 βάσις
857 1502 918 1589 μὲν
937 1504 954 1569 ὁ
972 1503 1050 1591 περὶ
1070 1506 1141 1570 διοί-

125 1634 246 1697 μετρον
268 1612 329 1694 τήν
355 1614 422 1674 ΘΚ
441 1611 571 1694 κύκλος,
594 1612 630 1676 τὸ
655 1608 692 1675 δέ
714 1612 771 1676 διὰ
792 1620 853 1676 τοῦ
876 1610 993 1689 ἄξονος
1014 1618 1141 1697 παραλ-

126 1720 359 1804 ληλόγραμμον
381 1718 418 1781 τὸ
440 1721 514 1800 ΘΛ,
536 1720 625 1782 ἔσται
648 1716 763 1804 καὶέν
785 1728 831 1806 τῷ
853 1719 1022 1806 κυλίνδρῳ
1046 1720 1140 1803 τομή,

124 1819 163 1908 ής
186 1824 358 1910 διάμετρός
382 1823 471 1888 ἐστιν
494 1823 514 1906 ἡ
535 1829 619 1888 ZE.·
652 1824 773 1908 ὁμοίως
796 1826 837 1908 δή
860 1834 905 1912 τῷ
929 1827 994 1911 πρὸ
1016 1826 1140 1891 τούτου

73 1946 105 1995 15
124 1933 315 2017 θεωρήματι
335 1931 544 2014 δειχθήσεται
562 1929 617 1995 καὶ
635 1930 656 2014 ἡ
676 1929 813 2018 δευτέρα
831 1931 1040 2018 διύμετροςὴ
1056 1934 1139 2016 αύτή

125 2033 209 2102 οὖσα
230 2034 286 2101 καὶ
306 2045 408 2102 πᾶσαι
431 2039 468 2100 αί
483 2036 687 2121 τεταγμένως
710 2037 875 2122 ἀγόμεναι.
920 2039 1057 2124 εὕρηται
1076 2042 1139 2125 ἄρα

124 2144 312 2230 κύλινδρος,
335 2143 371 2221 ὃς
393 2142 543 2227 τέμνεται
561 2153 601 2228 τῇ
621 2145 759 2229 δοθείσχ
779 2145 920 2224 ἐλλείψει
938 2154 999 2209 τοῦ
1019 2143 1140 2211 δοθέν-

124 2274 180 2328 τος
202 2252 325 2316 κώνου·
350 2251 428 2337 ὅπερ
453 2251 519 2315 ἔδει
541 2259 686 2334 ποιήσαι.

597 2533 661 2618 κβ’.
745 2512 747 2517 ¹

70 2709 105 2757 20
191 2695 384 2778 Κυλίνδρου
408 2691 568 2770 δοθέντος
590 2692 645 2758 καὶ
669 2693 842 2794 ἐλλείψεως
863 2694 899 2760 ἐν
918 2695 1008 2784 αύτςό
1027 2696 1137 2782 εύρελν

123 2810 234 2865 κῶνον
256 2802 455 2883 τεμνόμενον
477 2809 517 2884 τῇ
541 2799 623 2885 αὐτή
647 2799 789 2877 ἐλλείψει
811 2809 871 2865 τοῦ
894 2803 1088 2889 κυλίνδρου.

196 3106 220 3154 6.
244 3097 434 3190 ἐκβεβλήσθω]
458 3097 522 3172 ἐκβε
545 3100 613 3152 extr.
633 3098 682 3152 lin.
703 3115 724 3152 ο.
806 3097 867 3171 ἐπί]
890 3101 940 3154 καὶ
959 3100 1134 3170 συμπιπτέτω

122 3182 156 3244 τῇ
176 3175 319 3226 ΒΓκοιτα
336 3189 362 3240 p.
443 3171 485 3242 Δ]
503 3187 578 3238 vop,
602 3185 704 3224 θεοῖν.
724 3188 759 3225 m.
782 3176 795 3224 1
815 3171 848 3225 V.
937 3177 959 3226 7.
980 3175 1058 3246 AM]
1078 3177 1140 3228 AM

125 3241 317 3312 συμπίπτοντα
343 3250 376 3312 τῇ
401 3246 453 3295 ΒΔ
480 3238 647 3313 ἐκβληθείσχ
675 3240 747 3296 κατὰ
774 3242 805 3296 τὸ
831 3246 868 3296 Μ
887 3260 915 3311 p.
1007 3246 1086 3370 τῶν]
1107 3263 1133 3314 p,

122 3324 171 3385 τῆς
188 3315 241 3368 Vc.
320 3319 361 3367 11.
381 3313 542 3383 κύλινδρον]
561 3329 614 3366 0111.
633 3331 653 3382 p
672 3316 740 3368 extr.
759 3312 808 3368 lin.
887 3319 928 3368 13.
948 3313 980 3369 ἐν
998 3317 1049 3388 τῷ]
1084 3333 1134 3370 στω

122 3387 205 3455 ch,
234 3401 303 3440 corr,
322 3384 425 3440 Comm.
512 3381 662 3457 κυλίνδρῳ]
681 3385 714 3454 V,
742 3382 930 3453 κνλίνδρονρ
954 3387 984 3440 et
1002 3403 1093 3457 comp,
1112 3403 1132 3440 c.

151 3456 269 3580 Ἀχδή]
286 3454 321 3511 δέ
338 3473 360 3511 ο,
454 3460 496 3510 18.
516 3453 583 3524 ὅπερ
604 3455 661 3510 ἔδει
679 3457 806 3527 ποιῆσαι]
826 3473 878 3510 om.
898 3474 924 3524 p.
1014 3464 1056 3514 19.
1076 3458 1133 3530 κβ]

101 3540 155 3576 om.
206 3569 211 3579 .
