2430 3854
120 149 140 213 8
389 152 477 202 ΠΕΡΙ
496 149 711 205 ΚΤΛΙΝΔΡΟΤ
729 154 864 208 ΤΟΜΗΣ.

187 297 235 358 ἔτι
262 293 393 359 κάκεῖνο
416 296 670 380 προδιωρίσθω,
699 297 748 362 ὅτι
772 298 883 382 ὅμοιαι
906 296 1066 376 ἐλλείψεις
1089 300 1136 362 εί-

120 405 186 484 σίν,
210 396 258 466 ὧν
281 399 434 486 ἑκατέρας
457 403 494 466 αί
514 406 665 485 σνζνγεῖς
689 403 859 488 διάμετροι
884 405 967 488 πρὸς
990 403 1136 487 ἀλλήλας

121 509 180 572 τὸν
203 508 305 573 αὐτὸν
328 511 439 591 έχουσι
463 511 563 590 λόγον
586 507 641 574 καί
661 512 744 594 πρὸς
764 517 836 586 ίσας
855 513 977 592 γωνίας
996 509 1136 595 τέμνον-

56 622 62 631 ’
122 632 177 681 σιν
201 614 352 698 ἀλλήλας.

86 733 102 780 5
604 722 649 787 α’.

186 826 262 893 Ἐἁν
286 824 346 893 ὦσι
366 828 427 893 δύο
447 829 576 894 εὐθεῖαι
596 829 774 914 ἁπτόμεναι
792 829 945 913 ἀλλήλων
963 832 1052 915 παρὰ
1071 832 1134 897 δύο

121 934 255 1010 εὐθείας
274 934 458 1020 ἁπτομένας
477 935 629 1018 ἀλλήλων
646 933 701 1000 καί
721 942 793 1012 ίσας
812 934 969 1021 ἑκατέραν
988 935 1135 1025 ἑκατέρᾳ,

122 1042 159 1104 αί
179 1042 219 1105 τὰ
241 1039 364 1128 πέρατα
388 1043 498 1107 αὐτῶν
517 1041 788 1123 ἐπιζευγνύουσαι
811 1040 866 1106 καὶ
889 1041 985 1107 αὐταὶ
1010 1049 1078 1108 ίσαι
1100 1069 1135 1110 τε

121 1145 177 1212 καὶ
199 1148 406 1235 παράλληλοί
427 1150 519 1213 είσιν.

70 1267 104 1316 10
189 1257 336 1319 έστεοσαν
363 1255 425 1319 δύο
453 1255 582 1320 εὐθεῖαι
610 1254 788 1340 ἁπτόμεναι
816 1255 968 1339 ἀλλήλων
995 1257 1033 1320 αί
1057 1261 1136 1341 ΑΒ,

124 1364 191 1425 ΒΓ
212 1363 301 1446 παρὰ
328 1362 390 1426 δύο
418 1361 551 1438 εὐθείας
578 1361 762 1447 ἁπτομένας
792 1361 944 1445 ἁλλύλων
971 1365 1029 1439 τὰς
1056 1369 1136 1441 ΔΕ,

124 1471 201 1549 ΕΖ,
229 1465 284 1531 καὶ
312 1473 365 1550 ίση
393 1471 474 1533 ἔσται
503 1468 523 1551 ἡ
550 1464 610 1552 μὲν
632 1472 698 1533 ΑΒ
721 1478 760 1552 τῇ
784 1473 865 1552 ΔΕ,
893 1469 912 1552 ἡ
941 1467 978 1534 δὲ
1005 1473 1072 1534 ΒΓ
1095 1479 1135 1555 τῇ

124 1577 203 1655 ΕΖ,
230 1571 285 1638 καὶ
318 1574 565 1658 ἐπεζεύχθωσαν
594 1576 632 1638 αί
656 1578 736 1658 ΑΓ,
769 1581 802 1639 Δ
809 1580 845 1640 Ζ.
893 1574 988 1660 λέγω,
1020 1578 1070 1642 ὅτι
1101 1579 1139 1642 αί

124 1682 204 1762 ΑΓ,
227 1684 294 1743 ΛΖ
319 1686 387 1744 λ’σαι
408 1704 443 1745 τε
466 1678 521 1744 καὶ
543 1681 750 1768 παρὰλληλοί
770 1684 863 1746 εἰσιν.

72 1800 105 1848 15
192 1784 440 1870 ἐπεζεύχθωσαν
459 1789 496 1851 αί
507 1791 584 1871 ΒΕ,
605 1792 675 1872 ΓΖ,
694 1795 773 1853 ΑΔ.
808 1786 877 1854 ἐπεὶ
895 1788 915 1872 ἡ
935 1794 1000 1854 ΑΒ
1014 1799 1053 1874 τῇ
1067 1795 1139 1854 ΛΕ

124 1899 178 1975 ίση
206 1916 240 1956 τε
267 1890 323 1956 καὶ
349 1892 557 1977 παράλληλός
580 1895 663 1978 ἐστι,
689 1893 744 1959 καὶ
766 1894 786 1977 ἡ
810 1899 875 1959 ΒΕ
896 1897 959 1980 ἄρα
1096 1906 1136 1982 τῇ

125 2002 186 2063 ΓΖ
215 2005 269 2082 ίση
299 2022 334 2063 τε
362 1997 417 2063 καί
446 2000 654 2084 παράλληλός
685 2000 761 2066 ε’στι.
813 1999 868 2065 καί
898 2003 935 2066 αί
959 2005 1039 2086 ΑΓ,
1068 2007 1136 2066 ΛΖ

124 2107 188 2192 ἄρα
213 2111 281 2170 ίσαι
304 2129 339 2169 τε
361 2103 416 2169 καὶ
438 2105 645 2193 παροίλληλοί
666 2109 763 2172 είσιν·
788 2107 805 2172 ὃ
829 2106 998 2195 προέκειτο
1022 2107 1136 2186 δεῖξαι.

72 2438 106 2487 20
189 2423 265 2490 Ἐὰν
291 2427 469 2512 κύλινδρος
497 2425 637 2515 ἐπιπέδῳ
665 2434 776 2512 τμηθῇ
799 2427 855 2491 ἁιὰ
878 2436 938 2492 τοῦ
961 2426 1137 2512 ἁξονος,ἡ

125 2533 207 2614 τομὴ
229 2538 572 2618 παραλληλόγραμμον
594 2537 692 2599 ἔσται.

198 2732 222 2779 1.
244 2724 349 2795 ὅμοιαι]
369 2741 421 2794 pc,
441 2723 540 2794 ὅμαιαι
553 2725 609 2793 Vv,
628 2743 683 2794 mg.
699 2746 739 2795 γρ.
755 2730 773 2792 †
788 2724 884 2794 ὅμοιαι
901 2743 937 2779 m.
952 2741 1005 2778 rec.
1016 2726 1048 2780 V.
1110 2731 1135 2780 2.

128 2797 263 2867 σοζογεῑς]
282 2814 356 2866 vop,
376 2812 456 2850 euan.
467 2796 500 2864 V,
519 2799 605 2865 repet.
621 2814 675 2866 mg.
691 2815 726 2850 m.
742 2813 795 2850 rec.
861 2802 884 2850 5.
905 2797 949 2867 α’]
967 2815 994 2866 p,
1015 2813 1068 2850 om.
1081 2795 1135 2852 Vc.

163 2875 186 2922 8.
207 2865 301 2939 αύταί]
321 2864 404 2922 αθται
423 2865 499 2936 ch.
574 2873 615 2922 13.
637 2871 742 2921 ΕΖ-
763 2874 804 2922 14.
825 2867 906 2938 εἰσιν]
926 2885 1014 2936 mg.p
1035 2865 1136 2937 (κείμε-

127 2943 201 3010 νον);
225 2938 256 2991 in
273 2941 353 2993 textu
372 2937 474 2992 deinde
493 2938 546 2993 del.
567 2942 620 2992 ΕΖ
638 2936 694 2994 καί.
768 2944 809 2992 13.
831 2939 899 3028 ΕΖ]
922 2942 973 2992 ΖΕ
990 2956 1017 3007 p.
1093 2944 1135 2994 15.

126 3016 189 3079 ΑΔ,
205 3013 266 3078 ΒΕ,
282 3015 333 3064 ΓΖ
351 3028 378 3079 p.
434 3007 506 3080 ἐπεί]
526 3009 586 3064 ἐπεὶ
601 3006 652 3065 ούν
665 3029 692 3079 p.
749 3016 789 3064 16.
809 3011 849 3080 τε]
868 3029 897 3064 τε
913 3009 1010 3100 ἐστιμ
1067 3009 1138 3134 ἐστι]

127 3099 179 3136 om.
220 3126 225 3136 .
302 3082 370 3136 Post
392 3079 448 3148 ἄρα
472 3080 634 3135 exciderunt
656 3081 727 3136 haec
749 3080 819 3135 fere:
847 3090 880 3152 τῇ
899 3086 952 3134 ΑΔ
976 3079 1020 3151 ἰση
1039 3100 1068 3134 τε
1087 3102 1125 3136 κα

126 3153 300 3223 παραλληλός
319 3153 382 3207 ἐστι.
411 3153 459 3207 καί
478 3152 538 3207 ἐπεὶ
556 3152 573 3222 ἡ
590 3157 645 3206 ΒΓ
659 3162 692 3224 τῇ
712 3155 765 3206 ΕΖ
784 3151 828 3221 lim
848 3153 943 3207 τεκαὶ
962 3150 1138 3221 παράλληλός

128 3223 192 3292 ἐστι,
210 3224 259 3278 καί
277 3224 294 3293 ἡ
315 3227 367 3278 ΒΕ
387 3223 441 3291 ἄρα
460 3233 493 3296 τῇ
513 3228 565 3278 ΓΖ
584 3222 628 3293 ίση
647 3242 676 3277 τε
695 3224 743 3278 καί
762 3221 935 3292 παράλληλός
954 3223 1017 3278 ἐστι.
1050 3223 1136 3293 καὶὴ

126 3300 179 3348 ΑΔ
198 3295 261 3363 ἄρα.
336 3301 377 3350 17.
399 3296 462 3366 ΓΖ]
482 3295 540 3363 Vc,
559 3301 613 3349 ΑΔ
630 3313 658 3364 p.
738 3294 793 3349 ἐστι
825 3293 873 3348 διὰ
891 3293 926 3347 τὰ
945 3293 1018 3348 αύτὰ
1037 3291 1068 3348 δὲ
1088 3295 1139 3349 καὶ

126 3366 143 3435 ἡ
165 3370 216 3419 ΓΖ
234 3375 267 3437 τῇ
285 3370 338 3420 ΒΕ
357 3365 401 3435 ίση
422 3365 477 3419 ἐστὶ
496 3366 544 3421 καί
562 3365 748 3435 παράλληλος·
768 3386 798 3419 αι
816 3372 869 3420 ΑΔ
888 3365 943 3433 ἄρα
960 3369 1011 3418 ΓΖ
1031 3364 1089 3419 ίσαι
1107 3364 1139 3420 τέ

128 3437 180 3491 εἰσι
198 3439 246 3492 καὶ
265 3436 435 3506 παράλληλοι
454 3456 480 3506 p.
568 3442 608 3492 18.
633 3439 674 3509 τε]
694 3435 763 3492 εἰσίν
781 3456 808 3506 p.
842 3494 843 3498 ,
892 3437 960 3491 εἰσιν
980 3468 1013 3476 -
1033 3437 1137 3510 δεῖξαι]

115 3521 169 3558 0111.
184 3525 216 3572 p.
294 3515 335 3563 19.
355 3510 404 3581 β’]
419 3527 453 3579 p,
477 3527 513 3565 m.
533 3525 588 3564 ree.
607 3509 641 3578 V,
665 3525 719 3563 om.
738 3525 783 3562 vc.

82 3560 102 3631 λι
