2430 3854
110 143 162 198 XII
509 142 724 198 PRAEFATIO.

111 286 215 375 (1860
228 312 259 374 p.
274 286 319 375 2),
342 287 378 352 in
394 288 718 373 interpretationibus
739 287 933 374 germanicis
952 310 1021 353 rem
1040 289 1129 354 criti-

113 416 185 460 cam
207 416 275 460 non
298 399 397 461 curat.

178 505 282 567 restat
313 502 412 567 editio
446 507 479 567 et
505 502 656 587 princeps
689 507 722 567 et
755 502 795 567 ad
825 501 912 567 hunc
940 502 1025 567 diem
1058 502 1130 567 sola

111 606 261 671 Halleii
293 606 382 694 (oum
413 608 590 694 Apollonio
624 607 741 674 Oxonii
773 611 857 674 1710
889 605 974 695 fol),
1006 609 1061 692 qui
1092 609 1128 673 in

111 715 313 799 praefatione
341 739 371 801 p.
394 715 446 781 ΙΠ
472 716 552 782 haec
580 716 681 781 habet
704 716 742 780 de
772 715 925 780 subsidiis
954 716 1034 780 suis:
1065 716 1129 799 „ob
1183 744 1185 749 ·

112 822 297 908 argumenti
329 826 439 888 autem
470 823 666 888 affinitatem
696 821 808 888 Sereni
840 821 942 886 libros
975 823 1056 887 duos
1089 822 1129 886 de

114 927 266 994 Sectione
295 927 442 1013 Cylindri
469 934 502 995 et
525 928 607 995 Goni
635 929 767 1013 publico
795 929 915 993 donare
942 928 1029 992 haud
1057 949 1130 1013 gra-

112 1039 207 1101 vatus
231 1057 304 1100 sum
323 1036 393 1119 jam
416 1034 556 1118 primum
577 1035 698 1101 Graece
720 1035 907 1119 impressos,
931 1056 1012 1118 quos
1032 1056 1049 1098 e
1067 1031 1128 1099 (lo-

112 1141 238 1207 dicibus
267 1141 373 1206 tribus
401 1140 615 1207 Bibliothecae
642 1141 756 1228 Regiae
783 1140 977 1206 Parisiensis
1011 1140 1061 1205 sui
1093 1142 1129 1204 in

112 1271 208 1313 usum
245 1247 385 1313 describi
422 1253 591 1313 curaverat
631 1247 681 1313 vir
722 1245 930 1312 doctissimus
966 1246 1129 1312 Henricus

112 1354 300 1420 Aldrichius
326 1353 357 1419 S.
376 1354 411 1418 Τ.
432 1352 500 1442 1³³)
536 1353 629 1418 AEdis
653 1353 776 1420 Christi
800 1353 948 1420 Decanus
973 1352 1131 1439 mihique,

111 1465 150 1526 ut
172 1459 275 1538 simul
303 1483 377 1526 oum
398 1459 575 1544 Apollonio
602 1460 708 1525 lucem
736 1460 932 1545 aspicerent,
958 1459 1133 1544 perhuma-

111 1566 198 1632 niter
220 1566 387 1652 impertiit.
423 1568 459 1631 in
481 1567 532 1631 his
555 1567 706 1632 omnibus
725 1567 915 1652 evulgandis
933 1565 1130 1630 industriam

112 1672 200 1738 haud
217 1673 323 1739 levem
341 1677 374 1737 et
389 1672 592 1758 diligentiam
608 1667 750 1758 adhibui,
769 1695 896 1739 mecum
915 1670 1017 1758 (quod
1030 1672 1129 1737 fateri

112 1800 179 1843 non
200 1778 308 1867 piget)
337 1801 540 1863 summopere
567 1779 732 1845 adnitente
756 1779 795 1844 D.
818 1779 946 1844 Joanne
967 1778 1132 1844 Hudsono

112 1884 327 1950 Bibliothecae
342 1884 527 1968 Bodlejanae
546 1883 705 1951 Praefecto
724 1907 921 1969 manumque
940 1884 1130 1950 auxiliarem

113 1988 231 2077 (prout
262 1990 298 2054 in
329 1988 464 2054 Euclide
497 1989 638 2078 fecerat)
674 2013 741 2056 non
777 1991 882 2056 invito
913 1990 1132 2077 porrigente.“

113 2097 201 2161 inter
227 2095 427 2161 Parisienses
457 2100 524 2160 tres
552 2101 622 2162 erat
649 2103 682 2162 et
708 2099 900 2182 1012367,
934 2097 1025 2163 cuius
1054 2119 1130 2163 oon·

113 2204 257 2269 iacturae
280 2202 381 2267 falsae
405 2203 533 2287 saepius
557 2207 706 2288 receptae
730 2208 806 2269 sunt
829 2201 936 2290 (uelut
957 2205 1056 2289 p.22,
1073 2202 1133 2289 15,

113 2312 166 2397 24,
185 2312 220 2396 3,
247 2307 390 2396 32,15),
413 2315 446 2374 et
469 2333 506 2394 p,
530 2309 621 2375 cuius
645 2310 786 2396 uestigia
809 2315 897 2375 certa
920 2309 1130 2394 deprehendi·

114 2439 187 2481 mus
210 2441 241 2501 p.
260 2418 313 2502 40,
333 2420 361 2502 1,
375 2419 409 2501 5,
435 2417 557 2501 7615,
582 2418 698 2501 180,1.
744 2439 864 2502 paucas
888 2417 1132 2483 emendationes

70 2506 74 2513 ’
113 2528 232 2607 certas,
262 2544 343 2604 quae
367 2521 637 2587 Commandinum
661 2523 880 2608 fugerant-
903 2544 977 2586 eum
1001 2545 1132 2607 quoque

114 2630 157 2694 ab
173 2627 303 2692 Halieio
327 2631 520 2712 usurpatum
544 2650 623 2709 esse,
647 2629 780 2712 adparet
804 2651 842 2693 ex
861 2652 893 2713 p.
906 2629 981 2712 252,
995 2630 1050 2714 22,
1072 2630 1130 2695 ubi

109 2733 371 2800 'additamentum
394 2734 434 2798 ab
459 2755 497 2798 eo
520 2733 575 2798 fol.
599 2736 659 2800 28¹¹
685 2736 721 2799 111
742 2735 830 2799 notis
853 2734 1059 2820 propositum
1082 2758 1134 2800 re-

114 2843 213 2928 cepit3
242 2863 316 2907 cum
344 2840 457 2905 eodem
483 2864 514 2925 p.
539 2842 613 2926 252,
638 2841 689 2926 16,
712 2843 753 2906 23
782 2837 886 2925 ἡμὲν
909 2846 977 2906 ΕΔ
999 2852 1040 2927 τῇ
1062 2846 1140 2908 ΔΓ

114 2953 147 3014 et
175 2947 214 3012 δέ
240 2945 351 3011 omisit
379 2985 434 3031 —‚
472 2969 511 3012 ex
541 2946 671 3013 Halieio
703 2947 824 3032 recepi,
856 2947 1029 3012 nonnullas
1062 2970 1132 3014 non

113 3076 247 3141 prorsus
261 3053 493 3138 improbabiles
509 3055 823 3138 commemorau13ut
837 3054 1030 3138 adparatum
1043 3054 1134 3120 criti-

114 3185 188 3227 cum
203 3160 354 3226 omnibus
369 3159 539 3244 scripturis
553 3161 757 3225 uariantibus
772 3160 925 3225 editionis
938 3160 1133 3228 Halleianae

3 3468 8 3483 ,
166 3425 198 3487 1)
223 3423 275 3474 Ad
296 3422 375 3476 hunc
405 3421 498 3477 uirum
526 3422 605 3477 misit
628 3424 724 3478 Sereni
747 3423 861 3480 libellos
890 3441 982 3493 „nunc
1004 3423 1131 3494 primum

3 3488 11 3555 j·
83 3484 198 3538 Graece
218 3493 252 3542 et
267 3491 379 3548 Latine
400 3511 436 3549 ex
456 3513 509 3551 suo
530 3496 690 3569 exemplari
707 3495 898 3566 manuscripto
916 3495 1033 3552 1111111*Ι
