2430 3854
126 144 167 207 10
388 145 475 196 ΠΕΡΙ
493 143 708 195 ΚΤΛΙΝΔΡΟΤ
727 143 862 197 ΤΟΜΗΣ.

191 291 272 353 ἐστω
302 288 492 371 κύλινδρος,
520 281 560 352 οὗ
587 284 699 369 βάσεις
725 283 786 370 μέν
813 287 848 351 ολ
874 285 948 371 περὶ
971 287 1012 350 τά
1034 292 1081 369 A,
1106 291 1135 350 Β

125 393 244 480 κέντρα
273 395 404 477 κύκλοι,
434 392 522 471 άξων
551 389 588 457 δέ
616 393 636 476 ἡ
664 397 729 457 AB
758 393 886 476 εὐθεῖα,
914 391 969 457 καλ
997 394 1052 457 διά
1079 402 1138 476 τῆς

128 507 194 566 ΑΒ
235 500 446 584 ἐκβεβλήσθω
484 499 640 565 ἐπίπεδον
680 497 800 583 τέμνον
841 501 900 564 τὸν
942 500 1138 583 κύλινδρον·

124 610 253 692 ποιήσει
277 609 318 692 δὴ
342 606 378 672 ἐν
400 603 461 691 μέν
482 617 552 682 τοῖς
575 607 709 682 κύκλοις
731 607 864 682 εὐθείας
886 607 944 681 τάς
968 608 1057 690 ΓΔ,
1071 610 1138 670 ΕΖ

91 724 107 773 5
127 713 322 799 διαμέτρους
350 714 465 796 ούσας,
493 712 529 778 ἐν
552 709 589 776 δέ
611 722 650 798 τῇ
675 711 849 800 ἐπιφανείᾳ
871 721 931 776 τοῦ
954 713 1138 796 κυλίνδρου

124 823 182 898 τδις
204 823 319 905 ΕΗΓ,
345 825 410 884 ΖΔ
433 819 591 907 γραμμάς.
637 816 735 902 λέγω,
759 819 810 884 ὅτι
833 817 887 884 καλ
911 816 1045 903 ἕκατέρα
1068 829 1137 882 τῶν

124 931 240 1011 ΕΗΓ,
263 933 297 991 Δ
303 932 329 991 Ζ
352 936 513 1014 γραμμῶν
536 925 651 990 εὐθεῖά
675 924 773 990 ἐστιν.

191 1036 222 1099 εί
233 1035 296 1118 γάρ
311 1034 467 1116 δυνατόν,
481 1034 525 1117 μὴ
540 1034 686 1096 ἔστωσαν
700 1032 838 1115 εὐθεῖαι,
852 1031 907 1096 καλ
922 1031 1105 1116 ἐπεζεύχθω
1117 1032 1137 1116 ἡ

124 1145 219 1206 ΕΘΓ
228 1141 353 1210 εὐθεῖα.
375 1137 444 1204 ἐπεὶ
458 1135 520 1204 οὖν
533 1138 553 1221 ἡ
564 1140 798 1223 ΕΗΓγραμμὴ
813 1136 868 1202 καὶ
882 1138 902 1221 ἡ
917 1143 1012 1204 ΕΘΓ
1020 1139 1138 1203 εὐθεῖα

73 1257 105 1307 10
125 1246 219 1334 ἐντῷ
233 1251 300 1310 ΕΔ
310 1244 451 1334 ἐπιπέδῳ
466 1243 529 1310 εἰσὶ
540 1244 766 1309 συνάπτουσαι
776 1245 907 1309 κατὰτὰ
921 1250 960 1329 Ε,
972 1248 1004 1309 Γ
1009 1257 1137 1329 σημεῖα,

124 1357 183 1418 καί
197 1352 286 1417 ἐστιν
304 1351 324 1434 ἡ
343 1356 451 1417 ΕΗΓ
464 1353 596 1438 γραμμὴ
611 1349 664 1416 ἐπὶ
677 1360 735 1435 τῆς
748 1360 807 1416 τοῦ
822 1353 1004 1436 κυλίνδρου
1019 1350 1137 1436 ἐπιφα-

124 1463 228 1544 νείας,
250 1458 270 1541 ἡ
294 1461 397 1522 ΕΘΓ
417 1459 482 1542 άρα
504 1457 620 1522 εὐθεῖα
643 1458 704 1522 οὐκ
727 1461 818 1522 ἔστιν
841 1456 893 1522 ἐπὶ
915 1467 973 1542 τῆς
996 1467 1055 1523 τοῦ
1078 1483 1138 1523 κυ-

125 1566 263 1650 λίνδρου
288 1548 488 1648 ἐπιφανείας.
525 1562 593 1628 ἐπεὶ
617 1559 679 1629 οὖν
702 1565 737 1628 οἱ
756 1569 803 1647 A,
826 1568 854 1628 Β
877 1565 992 1630 κύκλοι
1017 1571 1083 1630 ίσοι
1102 1590 1138 1631 τε

124 1671 179 1736 καὶ
206 1671 414 1757 παράλληλοί
437 1672 501 1735 εἰσι
528 1668 583 1734 καὶ
605 1668 780 1755 τέμνονται
803 1670 867 1735 ὑπὸ
891 1680 951 1735 τοῦ
975 1676 1043 1736 ΕΔ
1067 1671 1137 1736 ἐπι-

73 1789 106 1838 15
124 1777 242 1860 πέδου,
270 1779 307 1842 αί
331 1779 395 1864 άρα
422 1775 532 1842 κοιναὶ
560 1776 670 1841 αὐτῶν
695 1775 791 1860 τομαὶ
813 1777 1021 1864 παράλληλοί
1041 1780 1137 1844 εἰσιν.

124 1883 189 1949 είσὶ
216 1881 252 1948 δέ
281 1881 336 1947 καλ
365 1889 445 1947 ίσαι·
474 1881 642 1967 διάμετροι
669 1883 731 1967 γάρ
761 1884 847 1948 εἰσιν
879 1889 960 1948 ίσων
1010 1882 1138 1950 Ἰ’κλων·

125 1991 183 2060 ἐάν
210 1993 274 2078 άρα
300 1993 469 2074 μενόντων
496 1999 563 2053 τῶν
590 1995 636 2072 A,
660 1993 689 2052 Β
717 1992 860 2073 σημείων
887 1992 945 2066 τάς
968 1997 1000 2054 A
1038 2041 1047 2075 ,
1072 1997 1139 2056 ΒΕ

125 2096 322 2182 διαμέτρους
352 2098 524 2180 νοήσωμεν
555 2093 827 2181 περιενεγκούσας
858 2098 919 2180 τὴν
951 2101 1055 2162 ΕΘΓ
1082 2099 1138 2164 εύ-

124 2212 222 2270 δεῖαν
249 2201 324 2289 περὶ
351 2205 429 2279 τοὺς
452 2210 498 2286 A,
521 2207 550 2267 B
573 2202 716 2278 κύκλους
738 2200 793 2267 καὶ
816 2201 1137 2290 άποκαθισταμένας,

71 2312 144 2395 2οἡ
168 2314 271 2376 ΕΘΓ
289 2311 404 2375 εὐθεῖα
427 2311 546 2397 γράφει
569 2312 630 2394 τὴν
650 2318 710 2374 τοῦ
728 2310 911 2394 κυλίνδρου
930 2309 1137 2396 ἐπιφάνειαν,

124 2416 179 2482 καὶ
202 2421 292 2482 ἐσται
314 2419 351 2482 τὸ
378 2421 406 2481 Θ
425 2415 477 2481 ἐπὶ
495 2426 553 2501 τῆς
571 2415 772 2500 ἐπιφανείας.
809 2410 852 2499 ἦν
871 2413 907 2480 δέ
926 2415 1030 2492 ἐκτός·
1055 2418 1135 2501 ὅπερ

126 2523 300 2589 ἀδύνατον.
346 2524 461 2588 εὐθεῖα
485 2526 548 2608 άρα
573 2521 661 2587 ἐστὶν
683 2522 703 2605 ἡ
725 2526 835 2587 ΕΗΓ.
877 2523 998 2608 ὁμοίως
1021 2521 1057 2588 δέ
1080 2523 1137 2589 καὶ

125 2631 145 2715 ἡ
171 2635 245 2694 ΖΔ.
295 2628 350 2695 καὶ
378 2628 647 2712 ἐπιζευγνύουσιν
676 2635 748 2705 ίσας
771 2653 805 2694 τε
827 2628 882 2694 καὶ
904 2633 1137 2715 παραλλήλους

125 2737 183 2812 τὰς
206 2741 284 2819 ΕΖ,
308 2738 385 2800 ΓΔ·
426 2737 462 2800 τὸ
490 2740 558 2799 ΕΛ
580 2737 645 2820 άρα
667 2738 1009 2821 παραλληλόγραμμόν
1032 2737 1137 2802 ἐστιν·

73 2855 106 2903 25
127 2843 205 2927 ὅπερ
229 2843 295 2907 ἐδει
319 2840 431 2919 δεῖξαι.
1103 2877 1106 2884 ,

197 3075 220 3125 1.
240 3069 346 3142 βάσεις]
367 3087 434 3125 corr.
455 3086 489 3123 ex
507 3067 587 3140 βάσις
605 3088 636 3138 p,
661 3068 741 3140 βάσις
759 3071 835 3124 ch.
919 3076 943 3124 2.
962 3071 1022 3142 τῆς]
1041 3080 1091 3126 τοῦ
1111 3089 1135 3127 e.

162 3147 186 3196 3.
205 3143 266 3213 AB]
285 3146 335 3195 AB
355 3138 470 3204 εινειας
487 3159 513 3210 p.
588 3145 611 3195 6.
633 3144 728 3209 ΕΗΓ,
746 3142 808 3211 ΖΔ]
829 3144 924 3209 ΓΗΕ,
939 3146 994 3195 az
1012 3160 1038 3211 p.
1109 3149 1134 3198 ι.

127 3214 232 3284 ΕΗΓ]
254 3216 341 3266 ΓΗΕ
358 3231 384 3281 p.
452 3218 476 3268 9.
497 3213 670 3283 221³(pr.)]
691 3215 776 3267 ΓοΕ
794 3230 821 3280 p.
877 3214 980 3284 ΕΗΓ]
1001 3217 1089 3268 ΓΗΕ
1107 3233 1135 3283 p.

162 3283 351 3354 ΕΘΓ(ω1λ.)]
380 3286 465 3338 ΓΘΕ
495 3285 606 3337 εὐθεῖαι
637 3301 663 3352 p.
755 3288 796 3337 10.
826 3284 896 3355 ΕΔ]
926 3300 993 3339 corr.
1018 3300 1052 3338 ex
1079 3289 1137 3342 ΕΘ

126 3373 161 3410 m.
187 3361 200 3408 1
230 3372 252 3409 ο.
348 3360 389 3409 11.
419 3355 523 3425 ΕΗΓ]
554 3357 640 3408 ΓΗΕ
666 3373 693 3423 p.
789 3360 831 3410 12.
860 3356 964 3426 ΕΘΓ]
995 3358 1080 3411 ΓΘΕ
1107 3375 1135 3425 p.

163 3431 202 3480 ιε,
224 3428 327 3498 τον]
349 3429 433 3481 ΓοΕ
451 3444 477 3494 p.
564 3433 605 3480 20.
627 3426 731 3496 Εον]
752 3428 836 3480 νον
853 3444 879 3494 p.
965 3431 1006 3480 22.
1027 3430 1120 3482 ΕΗΓ

100 3495 212 3559 THE,
238 3500 272 3548 Ε
286 3513 302 3549 e
322 3514 401 3568 corr,
424 3516 453 3567 p.
537 3502 579 3552 23.
602 3498 666 3570 ΖΔ]
685 3500 737 3551 ΔΖ
755 3515 782 3566 p.
856 3497 1082 3566 ἐπιζευγνύουσαι
1128 3543 1135 3570 ,
