2430 3854
354 817 418 889 DE
448 816 680 890 SECTIONE
710 816 830 889 cum.

157 991 263 1068 Quum
300 991 401 1056 sectio
438 1013 607 1075 concrum,
649 991 769 1074 optime
807 989 901 1076 Cyre,
937 991 972 1055 in
1009 993 1098 1056 conis

87 1098 271 1184 triangulos
286 1084 448 1181 efficiens,
472 1097 499 1162 si
522 1120 580 1182 per
600 1098 756 1162 uerticem
775 1081 886 1162 eorum
905 1099 951 1182 fit,
975 1099 1100 1163 uariam

90 1205 308 1288 subtilemque
350 1205 520 1267 materiam
562 1204 747 1288 disputandi
787 1205 941 1289 praebeat
980 1228 1040 1269 nec
1082 1229 1101 1269 a

89 1332 254 1395 qucquam
278 1313 351 1374 ante
375 1332 448 1393 nos,
473 1311 559 1394 quod
582 1311 696 1395 sciam,
718 1315 917 1394 pertractata
941 1312 996 1395 sit,
1020 1312 1100 1375 mihi

74 1417 214 1502 placuit
241 1418 327 1480 hunc
354 1417 463 1480 locum
489 1417 648 1480 incultum
673 1438 740 1480 non
762 1417 955 1503 relinquere,
984 1419 1039 1482 sed
1063 1420 1100 1482 de

91 1546 130 1587 ea
153 1545 187 1586 re
211 1523 330 1608 dicere,
353 1545 433 1607 quae
457 1523 594 1607 percepi.
640 1525 733 1588 credo
756 1524 872 1610 igitur,
893 1525 1045 1609 pleraque
1070 1530 1102 1588 et

89 1631 158 1694 fere
187 1652 268 1713 quae
296 1630 410 1693 altiore
434 1630 613 1714 geometria
640 1651 734 1714 egere
761 1630 932 1694 uideantur
960 1654 978 1694 a
1005 1632 1101 1695 nobis

90 1737 265 1820 perstricta
288 1758 367 1820 esse,
391 1735 535 1799 sednon
558 1736 708 1819 mirabor,
733 1736 761 1800 si
780 1737 856 1820 quid
875 1759 997 1821 eorum,
1020 1759 1101 1819 quae

89 1844 261 1907 tractanda
298 1846 403 1927 erant,
440 1842 587 1906 omisisse
623 1842 783 1925 inueniar,
821 1843 938 1927 quippe
973 1843 1029 1926 qui
1062 1843 1102 1906 ad

89 1950 171 2012 haec
190 1950 360 2013 tractanda
373 1949 496 2033 primus
512 1948 717 2026 adcesserim3
738 1971 835 2032 quare
851 1953 1102 2012 consentaneum

92 2059 153 2138 est,
173 2060 228 2119 aut
248 2059 279 2118 te
299 2056 431 2119 eandem
452 2054 674 2138 quaestionem
693 2054 877 2139 ingressum
891 2054 1102 2137 autaliquem

92 2183 216 2246 eorum,
239 2162 294 2245 qui
312 2166 428 2244 postea
444 2161 563 2244 legent,
584 2160 659 2224 hinc
677 2160 860 2245 profectum
880 2160 1003 2244 addere,
1022 2182 1102 2243 quae
1197 2175 1199 2179 ·

91 2290 154 2333 nes
175 2267 459 2351 praetermisimus.
497 2268 654 2350 quaedam
672 2288 749 2330 uerc
769 2267 869 2330 etiam
888 2268 925 2331 de
944 2266 1104 2330 industria

92 2375 277 2459 omisimus,
318 2377 375 2437 aut
415 2373 492 2457 quia
527 2372 700 2437 manifesta
737 2377 813 2436 sunt
855 2377 911 2437 aut
950 2373 990 2437 ab
1031 2372 1103 2436 aliis

90 2483 328 2558 demonstrata3
358 2479 449 2543 uelut
478 2479 591 2543 statim
616 2479 652 2542 in
675 2479 763 2542 omni
792 2501 873 2543 cono
902 2479 1103 2564 triangulum

92 2609 164 2651 esse
189 2578 373 2669 secticnem,
398 2587 425 2650 si
448 2608 505 2670 per
528 2585 684 2649 uerticem
708 2590 842 2669 secetur,
867 2586 943 2672 quia
966 2586 1006 2650 ab
1031 2585 1103 2650 aliis

92 2693 262 2777 [Apellen.
280 2690 310 2777 l,
334 2693 369 2777 3]
397 2693 654 2757 demonstratum
677 2696 728 2756 est
754 2692 802 2756 ita
828 2714 861 2756 se
885 2693 1017 2776 habere,
1044 2714 1103 2756 nos

92 2795 288 2882 omittimus,¹
311 2821 350 2863 ne
375 2799 452 2882 quid
476 2798 616 2862 alienum
638 2798 689 2882 iis,
712 2799 793 2881 quae
818 2821 837 2862 a
859 2799 953 2863 nobis
972 2800 1106 2863 inuenta

93 2910 181 2990 sunt,
200 2906 244 2969 sit
257 2905 451 2969 immixtum.
485 2926 566 2988 quae
580 2926 658 2968 uero
673 2904 819 2968 futilicra
833 2909 909 2969 sunt
925 2909 958 2969 et
972 2928 991 2968 a
1004 2904 1104 2988 uulgo

90 3012 189 3077 facile
213 3012 536 3096 comprehenduntur,
559 3011 757 3093 perscribere
782 3011 1042 3094 detrectamus,
1064 3032 1105 3073 ne

91 3278 163 3347 κων]
183 3275 363 3344 παρήκωνιρ,
436 3277 555 3346 πρῶτος]
579 3292 652 3344 ch,
677 3251 776 3341 aeddi(
798 3274 830 3327 V.
905 3279 945 3326 13.
965 3270 1104 3344 καθέντα]

91 3344 234 3403 καθιέντα
253 3345 362 3415 Halley.
426 3351 467 3399 16.
487 3345 591 3417 ἄλλοις]
612 3345 642 3400 ἐν
661 3344 753 3406 ἄλλοις
771 3362 797 3412 p.
864 3348 905 3397 17.
924 3344 1119 3415 aduatucp,

91 3421 160 3489 poet
177 3420 231 3473 κώ·
249 3434 304 3472 ras.
325 3423 338 3469 1
359 3417 414 3471 litt.
434 3418 466 3471 V.
1147 3446 1152 3451 -
