2430 3854
127 155 193 218 222
443 156 531 206 ΠΕΡι
548 154 677 207 mor
695 155 831 207 ΤοΜΗΣ.

128 300 173 376 ὡς
196 305 332 386 εἴρηται,
356 297 606 383 συνισταμένων
631 300 819 363 ίσοσκελων.
861 295 1001 381 ἐδείχθη
1025 293 1072 380 δέ,
1096 297 1142 361 ὅτι

127 402 206 470 οὐδὲ
230 404 414 489 ἐλάχιστον·
439 405 514 469 οὔτε
537 405 603 491 ἄρα
624 403 760 468 πάντων
783 401 938 488 μέγιστόν
959 402 1052 468 ἐστιν
1070 405 1141 468 οὔτε

127 511 308 596 ἐλάχιστον.

600 616 668 703 νβ’·

93 755 109 803 5
192 742 289 809 Ἀλλολ
323 744 365 828 ὀὴ
402 745 484 808 ἔστω
521 743 540 826 ἡ
572 742 638 807 ὑπὸ
670 746 775 807 ΑΒΔ
811 740 956 807 ε’λοίττων
993 742 1140 827 ἡμισείας

126 851 247 937 ὀρθῆς,
273 849 330 915 καὶ
356 849 569 934 ἐκβεβλήσθω
597 847 617 931 ἡ
646 853 761 933 ΑΒΕ,
792 847 848 913 καὶ
874 852 999 914 κείσθω
1030 850 1051 933 ἡ
1080 855 1142 914 ΒΕ

127 965 182 1041 ίση
209 966 248 1044 τῇ
277 957 409 1044 ἡμισείᾳ
435 965 493 1039 τῆς
516 955 552 1021 ἐκ
574 964 635 1021 τοῦ
657 954 811 1042 κέντρον,
839 953 893 1020 καλ
917 955 954 1020 ἐν
977 965 1025 1043 τῷ
1049 955 1138 1043 ὀρθῷ

125 1065 209 1150 πρὸς
235 1065 294 1130 τὸν
320 1066 444 1129 κύκλον
471 1062 628 1151 ἐπιπέόω,
656 1062 692 1127 ἐν
720 1055 748 1151 ᾧ
774 1061 829 1127 καλ
857 1061 878 1145 ἡ
901 1067 983 1147 ΑΕ,
1012 1073 1053 1148 τῇ
1076 1069 1141 1128 ΑΕ

125 1172 209 1258 πρὸς
236 1171 343 1259 ὀρθὰς
369 1172 464 1255 ἡχθω
491 1169 512 1253 ἡ
540 1173 618 1253 ΕΖ,
650 1180 688 1255 τῇ
717 1166 754 1233 δὲ
783 1173 848 1233 ΓΔ
874 1170 957 1255 πρὸς
985 1169 1094 1256 ὀρθὰς
1119 1170 1138 1252 ἡ

74 1287 107 1334 10
127 1282 211 1362 ΒΗ,
242 1275 297 1343 καὶ
328 1275 526 1343 ὑποτεινέτω
554 1277 615 1360 τὴν
641 1276 707 1340 ὑπὸ
737 1278 845 1340 ΖΒΗ
868 1280 994 1359 γωνίαν
1022 1275 1043 1358 ἡ
1074 1281 1144 1340 ΖΗ

126 1385 241 1450 εὐθεῖα
275 1390 329 1467 ίση
357 1389 560 1448 σνσταθεῐσα
588 1390 627 1468 τῇ
658 1381 693 1446 ἐκ
723 1391 783 1446 τοῦ
813 1379 969 1466 κέντρου,
998 1381 1056 1446 καὶ
1086 1382 1137 1447 ε’π-

126 1492 268 1574 εζεύχθω
292 1488 312 1572 ἡ
337 1494 410 1553 ΖΑ.

192 1594 261 1660 ἐπεὶ
296 1592 358 1662 οὖν
386 1593 407 1677 ἡ
436 1595 502 1660 ὑπὸ
532 1599 651 1678 ΑΒΑ,
685 1593 855 1660 τουτέστιν
884 1595 904 1678 ἡ
934 1593 1000 1660 ὑπὸ
1033 1601 1138 1679 ΖΒΕ,

126 1703 270 1768 ἐλάττων
292 1701 383 1768 ἐστὶν
406 1702 512 1786 ὀρθῆς
534 1701 692 1786 ἡμισείας,
715 1701 801 1787 ὀρθὴ
825 1698 862 1765 θλ
885 1702 905 1785 ἡ
928 1703 1012 1788 πρὸς
1035 1713 1080 1790 τῷ
1099 1709 1138 1786 Ε,

73 1817 106 1865 15
125 1808 145 1892 ἡ
169 1811 233 1897 ἄρα
252 1815 318 1874 ΒΕ
334 1818 392 1893 τῆς
409 1813 473 1873 ΕΖ
495 1812 620 1893 μείζων.
661 1806 717 1873 καὶ
741 1807 810 1873 ἐπεὶ
832 1809 869 1873 τὸ
892 1808 956 1873 ἀπὸ
977 1814 1040 1873 ΖΒ
1066 1817 1139 1875 ἴσον

125 1915 194 1982 ἐστὶ
221 1928 290 1992 τοῖς
318 1916 381 1981 ἀπὸ
411 1920 488 1998 ΖΕ,
512 1919 590 1999 ΕΒ,
619 1909 667 1979 ὧν
694 1919 804 1998 μεῖζον
831 1916 868 1980 τὸ
897 1915 960 1981 ἀπὸ
989 1920 1053 1979 ΕΒ
1078 1927 1138 1981 τοῦ

124 2021 188 2088 ἀπὸ
218 2027 294 2106 ΖΕ,
321 2024 359 2088 τὸ
389 2023 454 2110 ὀίρα
480 2020 545 2087 ἀπὸ
574 2025 635 2086 ΖΒ
663 2024 799 2086 ἔλαττον
826 2020 846 2104 ἡ
875 2023 1052 2087 διπλάσιον
1078 2033 1138 2089 τοῦ

125 2129 189 2194 ἀπὸ
208 2134 284 2194 ΒΕ·
308 2131 345 2195 τὸ
369 2131 433 2216 ἄρα
457 2128 521 2194 ἀπὸ
541 2132 613 2194 ΖΗ
626 2131 737 2212 μεῖζον
754 2127 775 2210 ἡ
794 2129 971 2194 ὀιπλοίσιόν
990 2129 1060 2194 ε’στι
1078 2139 1138 2194 τοῦ

124 2236 188 2302 ἀπὸ
213 2241 288 2302 ΖΒ·
316 2242 434 2302 λοιποῦ
463 2237 527 2320 ἄρα
553 2243 613 2299 τοῦ
639 2233 703 2299 ἀπὸ
727 2239 801 2299 ΒΗ
818 2237 954 2300 ἔλαττον
977 2234 997 2318 ἡ
1022 2237 1138 2301 διπλοί-

71 2349 105 2398 20
124 2346 199 2409 σιόν
226 2343 295 2408 ἐστι
322 2345 359 2408 τὸ
388 2341 451 2407 ἀπὸ
482 2346 557 2407 ΖΗ.
602 2338 658 2406 καὶ
685 2339 753 2406 ἐπεὶ
780 2339 801 2423 ἡ
826 2346 890 2406 ΕΒ
913 2339 1046 2425 ἡμίσειά
1069 2343 1138 2408 ε’στι

123 2460 181 2534 τῆς
208 2450 244 2515 ἐκ
270 2449 331 2515 τοῦ
357 2447 512 2536 κε’ντρου,
539 2449 577 2513 τὸ
605 2449 669 2535 ἄρα
695 2446 748 2524 θὶς
774 2448 839 2513 ὑπὸ
863 2453 944 2532 ΑΒ,
968 2453 1037 2513 ΒΕ
1064 2456 1138 2514 ίσον

124 2554 192 2622 ἐστὶ
223 2565 269 2644 τῷ
301 2555 366 2621 ἀπὸ
394 2560 468 2621 ΒΑ.
520 2554 588 2621 ἐπεὶ
620 2551 682 2621 οὖν
713 2556 751 2620 τὸ
779 2554 842 2620 ἀπὸ
872 2559 937 2619 ΖΑ
966 2561 1041 2620 ίσον
1069 2555 1138 2621 ἐστὶ

123 2675 193 2738 τοῖς
215 2660 279 2727 ἀπὸ
298 2667 380 2746 ΑΒ,
399 2667 462 2728 ΒΖ
485 2656 541 2727 καὶ
564 2672 609 2750 τῷ
633 2659 687 2740 ὀίς
707 2661 772 2727 ὑπὸ
794 2666 875 2745 ΑΒ,
895 2666 973 2745 ΒΕ,
997 2662 1081 2728 ἀλλὰ
1100 2665 1137 2729 τὸ

123 2768 176 2846 θὶς
198 2769 263 2834 ὑπὸ
286 2773 368 2852 ΑΒ,
391 2773 457 2834 ΒΕ
479 2775 553 2835 ίσον
577 2768 645 2835 ἐστὶ
668 2779 713 2858 τῷ
737 2768 800 2834 ἀπὸ
823 2773 900 2852 ΑΒ,
924 2771 960 2833 τὸ
984 2767 1050 2854 ἄρα
1073 2769 1137 2835 ἀπὸ

70 2879 103 2930 25
124 2881 190 2941 ΖΑ
218 2881 291 2940 ίσον
318 2873 387 2940 ἐστὶ
413 2885 459 2964 τῷ
486 2898 521 2940 τε
550 2874 601 2951 θὶς
629 2875 691 2941 ἀπὸ
719 2880 786 2941 ΑΒ
813 2873 868 2940 καὶ
895 2884 941 2962 τῷ
969 2875 1034 2941 ἀπὸ
1058 2882 1137 2941 ΒΖ·

123 2984 161 3049 τὸ
183 2981 248 3070 ἄρα
271 2981 334 3047 ἀπὸ
356 2986 421 3047 ΖΑ
438 2985 548 3066 μεῖζον
569 2981 590 3064 ἡ
614 2981 790 3047 ὀιπλοίσιόν
809 2982 877 3047 ἐστι
896 2991 956 3047 τοῦ
976 2982 1039 3048 ἀπὸ
1060 2989 1137 3049 ΑΒ.

194 3167 219 3215 4.
245 3158 307 3231 W]
333 3174 385 3212 om.
405 3157 451 3211 Vc
474 3159 504 3212 et
521 3156 636 3227 Halley‚
665 3157 695 3226 μ’
710 3175 765 3226 mg.
785 3177 804 3228 p
827 3159 857 3212 et
874 3175 910 3211 m.
928 3174 982 3211 ree.
1001 3157 1036 3213 V.
1112 3165 1136 3212 6.

123 3232 220 3304 ΑΒΕ]
239 3236 289 3285 ΑΒ
309 3227 403 3320 ἐπλετὸ
423 3232 492 3298 Ep.
539 3297 546 3318 ε
574 3234 598 3284 8.
624 3229 745 3301 τὴΑΕ]
765 3245 818 3284 om.
837 3247 863 3318 p}
946 3234 970 3282 9.
992 3229 1061 3318 ΕΖ]
1082 3232 1137 3321 ΕΖ

123 3306 228 3444 'ME
246 3321 273 3372 Ρ·
346 3299 640 3443 λλᾶνίλλῗὴλρι
659 3300 832 3440 είλςῗῗθῆς
850 3296 1137 3442 λίῗσὲίίλλλίλλὲ

122 3392 258 3515 τίονςξί).
292 3447 344 3499 ΕΒ
359 3392 444 3516 (ολόἡ]
462 3445 516 3497 ΒΕ
533 3460 560 3511 p.
634 3448 675 3532 13.
698 3443 840 3514 ΖΕ]ΕΖ
857 3460 884 3511 p.
957 3438 1136 3515 ἥ]μ,ᾖλίο.

147 3517 216 3588 τοῦ]
232 3515 290 3572 ἐστι
309 3524 361 3574 τοῦ
377 3535 407 3590 p.
484 3520 526 3572 18.
545 3512 579 3590 ἡ]
594 3512 740 3588 μεμε.
808 3519 855 3567 λθ.
873 3512 947 3582 ὀπόλ
959 3514 1015 3566 ἀπὸ
1033 3524 1089 3568 τῶν
1109 3532 1136 3582 p.
