2430 3854
119 173 185 239 200
434 177 521 227 ΠΕΡΙ
540 175 669 228 ΚΩΝΟΤ
687 176 823 228 ΤΟΜΗΣ.

595 353 659 419 λύ’.

185 479 261 544 Ἐᾶν
285 479 321 545 ἐν
343 481 439 568 κώνῳ
463 484 616 567 σκαληνῳ
642 477 803 563 τμηθέντι
826 480 883 544 διὰ
905 488 964 563 τῆς
986 488 1140 565 κορυφῆς

121 585 287 663 ἐπιπέδοις
310 584 397 651 τισὶν
421 583 475 651 ἐπὶ
497 589 718 673 παραλλήλων
740 585 871 670 βάσεων
894 588 1047 669 ι’σοσκιλῆ
1071 589 1139 671 τρί-

122 717 213 776 γωνα
240 701 360 778 συστῇ,
387 690 441 777 ἐφ’
471 691 489 757 ὃ
517 690 616 777 μέρος
644 692 819 778 προσνεύει
842 692 859 758 ὁ
883 690 987 776 ἄξων,
1010 702 1079 756 τῶν
1103 688 1138 757 δὲ

86 798 309 883 ὀρινομένων
340 801 520 864 ἰσοσκελῶν
553 799 590 863 ἓν
619 798 733 864 ὁτιοῦν
764 805 838 864 λσον
866 794 887 886 ᾖ
916 808 963 887 τῷ
993 799 1050 862 ὃιᾶ
1079 807 1139 863 τοῦ

122 907 240 983 ἄξονος
268 907 443 988 λσοσκελεῖ,
469 905 490 988 ἡ
518 903 582 970 ἀπὸ
610 914 668 989 τῆς
695 914 845 991 κορυφῆς
873 903 925 970 ἐπὶ
954 907 1015 990 τὴν
1037 906 1138 990 βάσιν

123 1021 183 1077 τοῦ
206 1014 371 1098 τριγώνου
394 1011 536 1088 κάθετος
557 1014 676 1096 μείζων
699 1014 790 1076 ἔσται
813 1021 873 1076 τοῦ
896 1010 1023 1089 ἄξονος.

190 1121 272 1183 ἔστω
301 1120 463 1202 σκαληνὸς
489 1129 610 1202 κῶνος,
636 1113 677 1183 οὗ
699 1120 831 1204 κορυφὴ
855 1120 891 1183 τὸ
915 1125 963 1201 Α,
990 1116 1080 1195 ἄξων
1104 1115 1139 1182 δὲ

124 1224 141 1290 ὁ
166 1229 233 1289 ΑΒ
254 1225 451 1311 προσνιύων
474 1222 528 1290 ἐπὶ
550 1225 591 1289 τᾶ
608 1230 669 1288 τοῦ
687 1230 721 1288 Δ
738 1223 830 1309 μέρη,
854 1221 1008 1308 βύσιςθὲ
1026 1225 1044 1290 ὁ
1064 1223 1139 1307 περὶ

72 1343 105 1392 10
124 1332 162 1397 τὸ
186 1336 213 1395 Β
242 1329 380 1418 κέντρον
406 1332 541 1414 κύκλος,
568 1339 629 1394 τοῦ
657 1326 693 1394 δὲ
720 1331 803 1415 πρὸς
829 1330 936 1415 ὀρθὰς
958 1339 1004 1419 τῷ
1027 1333 1139 1418 κύκλῳ

125 1439 181 1502 διὰ
210 1446 270 1502 τοῦ
300 1435 418 1514 ἄξονος
446 1436 613 1523 τριγώνου
642 1435 739 1520 βάσις
770 1439 852 1501 ἔστω
882 1432 902 1519 ἡ
934 1440 1049 1520 ΓΒΔ,
1085 1436 1140 1502 καλ

124 1545 284 1628 ἤχθωσαν
311 1551 350 1628 τῇ
380 1546 444 1608 ΓΔ
471 1543 554 1628 πρὸς
582 1541 689 1628 ὀρθὰς
719 1541 755 1607 ἐν
785 1551 830 1630 τῳ
860 1543 969 1629 κύκλῳ
1002 1544 1039 1608 αλ
1067 1549 1139 1627 ΒΖ,

126 1653 209 1733 ΕΗ,
231 1648 287 1714 καὶ
310 1648 493 1732 ἐπεζεύχθω
511 1645 532 1731 ἡ
552 1653 634 1732 ΑΒ,
657 1646 713 1713 καὶ
730 1649 920 1714 ὑποκείσθω
940 1651 976 1714 τὸ
996 1650 1054 1714 διὰ
1073 1663 1138 1715 τῶν

125 1760 207 1840 ΑΒ,
230 1759 305 1820 ΒΗ
324 1751 488 1836 ἰσοσκελὲς
516 1758 590 1820 ἴσον
613 1749 699 1820 εἶναι
722 1765 767 1843 τῳ
790 1755 847 1818 διὰ
869 1767 937 1820 τῶν
959 1761 1040 1839 ΑΒ,
1065 1746 1138 1840 ΒΖ,

73 1862 143 1927 1σᾶ
167 1863 236 1928 ἐστι
258 1873 304 1951 τῳ
328 1863 384 1927 διὰ
407 1869 467 1926 τοῦ
489 1859 608 1938 ἄξονος
631 1864 799 1927 λσοσκελεῐ.
836 1861 930 1945 λέγω,
954 1863 1005 1927 ὅτι
1028 1863 1049 1946 ἡ
1075 1870 1141 1929 ΑΒ

125 1967 336 2054 μείζωνέστλ
358 1978 416 2051 τῆς
438 1973 513 2033 ΑΒ.

194 2074 262 2140 ἐπεὶ
285 2077 348 2162 γὰρ
371 2077 408 2140 τὸ
432 2076 489 2140 διὰ
511 2086 578 2140 τών
597 2081 677 2159 ΑΕ,
695 2079 771 2141 ΕΗ
790 2072 954 2152 ἰσοσκελὲς
978 2081 1054 2141 λ’σον
1073 2075 1139 2142 ἐστὶ

126 2192 171 2271 τῳ
196 2173 253 2247 διώ
275 2193 342 2246 τῶν
365 2186 442 2266 ΑΒ,
462 2186 537 2266 ΒΖ,
559 2179 614 2246 καλ
637 2181 674 2246 τὸ
697 2181 762 2245 ὑπὸ
785 2191 853 2246 τών
876 2187 952 2267 ΑΕ,
971 2187 1048 2247 ΕΗ
1068 2191 1139 2248 λ’σον

127 2286 196 2353 ἐστὶ
218 2297 264 2377 τῷ
285 2287 351 2353 ὑπὸ
374 2298 442 2354 τών
464 2292 545 2372 ΑΒ,
568 2292 647 2372 ΒΖ,
670 2287 715 2362 ὡς
737 2289 801 2374 ἄρα
824 2288 845 2371 ἡ
869 2293 932 2352 ΒΖ
953 2291 1038 2374 πρὸς
1061 2294 1139 2373 ΒΗ,

74 2407 108 2456 20
128 2396 233 2471 οὕτως
259 2394 280 2477 ἡ
307 2399 375 2460 ΕΑ
401 2396 484 2480 πρὸς
512 2399 587 2459 ΑΒ.
632 2397 752 2478 μείζων
778 2392 816 2459 δὲ
843 2394 862 2477 ἡ
886 2399 951 2459 ΒΖ
974 2405 1033 2480 τῆς
1058 2402 1139 2462 ΗΕ·

127 2505 246 2586 μείζων
269 2503 332 2587 ἄρα
355 2498 411 2565 καὶ
433 2500 454 2583 ἡ
477 2504 544 2565 ΕΑ
566 2509 624 2585 τῆς
646 2505 720 2575 ΑΒ.

603 2693 661 2759 λε’.

193 2817 269 2883 Ἐὰν
296 2818 333 2884 ἐν
354 2821 451 2908 κώνῳ
474 2823 626 2906 σκαληνῳλ
648 2817 808 2902 τμηθέντι
831 2821 888 2884 διὰ
910 2829 968 2904 τῆς
990 2830 1140 2908 κορυφῆς

129 2924 296 3001 ἐπιπέδοις
318 2923 407 2992 τισὶν
429 2924 482 2991 ἐπὶ
504 2926 727 3011 παραλλήλων
749 2926 879 3009 βάσεων
901 2929 1055 3014 λσοσκελῆ
1074 2934 1139 3016 τρί-

203 3162 226 3210 1,
245 3154 304 3227 λδ’]
324 3171 376 3209 om.
391 3154 450 3222 Vc,
469 3155 547 3226 λβ’ρ
567 3157 596 3209 et
613 3172 649 3209 m.
663 3170 718 3210 rec.
732 3155 766 3209 V.
827 3161 850 3209 2.
871 3152 934 3227 ἐών]
952 3161 1028 3225 vop,
1050 3155 1138 3227 suppl.

129 3245 165 3280 m.
185 3242 239 3282 rec.
258 3226 292 3282 V.
383 3225 426 3297 ἐν]
445 3242 499 3280 om.
517 3225 601 3295 ch,
629 3242 697 3281 corr.
716 3225 826 3295 Halley.
918 3232 941 3280 9.
965 3229 1139 3299 προσνεύων]

129 3311 292 3383 προσνεύων
309 3333 335 3384 p.
422 3320 465 3370 11.
485 3313 602 3388 ἄξονος]
620 3330 695 3384 vop,
719 3333 764 3378 -ος
782 3331 863 3368 euan.
882 3315 915 3371 V.
992 3319 1090 3388 ΓΒΔ]
1112 3334 1138 3386 p,

130 3386 352 3455 BPAV,BAO.
404 3391 445 3440 12.
460 3387 513 3513 τρῖρ
524 3401 604 3440 enan.
620 3401 642 3440 ο.
694 3387 919 3458 13.τῶν]τοῦρ.
971 3392 1014 3441 20.
1030 3386 1138 3457 μείζων]

122 3473 195 3526 rep,
215 3456 342 3530 {suppl
362 3475 400 3514 m.
420 3473 474 3514 ree.
515 3501 520 3512 .
584 3463 628 3512 τι.
647 3456 703 3528 22'1
720 3473 771 3511 om.
783 3457 837 3525 Vc,
855 3457 899 3526 λς’
914 3475 933 3525 p
948 3460 977 3511 et
990 3472 1027 3512 m.
1042 3475 1095 3512 rec.
1106 3458 1136 3512 V.

145 3529 513 3604 ffifflssmh·
