2430 3854
126 170 190 234 100
393 173 480 222 ΠΕΡΙ
497 170 711 221 ΚΤΛΙΝΔΡΟΤ
730 160 866 222 ΤΟΜΗΣ.

123 326 233 399 τομῶν
256 317 341 379 εἰσιν
361 315 399 379 αί
415 317 500 398 AM,
518 317 557 379 Ν
562 313 592 387 Ξ
607 314 744 378 εὐθεῖαι.
780 316 1000 397 κατήχθωσαν
1017 315 1138 378 τοίνυν

124 420 177 486 ε’πὶ
199 423 257 496 τὰς
275 424 360 502 AM,
379 425 418 485 Ν
420 420 450 494 Ξ
471 419 666 505 διαμέτρους
689 421 726 484 αί
743 424 821 503 AO,
840 425 914 484 ΕΠ
931 418 1138 503 τεταγμένως

123 526 179 591 καὶ
201 528 565 612 προσεκβεβλήσθωσαν
587 525 640 591 ε’πλ
663 527 808 612 θάτερον
825 525 924 611 μέρος
941 535 1000 609 τής
1018 525 1137 610 ἐπιφα-

122 636 212 710 νείας
248 634 331 697 κατὰ
366 634 404 697 τὸ
437 637 467 696 Ρ
493 630 549 698 καὶ
581 637 622 696 Σ.
677 630 745 697 ἐπεὶ
777 628 840 698 οὗν
871 632 1049 716 ἐφάπτεται
1078 642 1139 716 τῆς

87 743 270 804 5AAMP
293 749 443 824 γραμμῆς
464 738 485 821 ή
510 741 575 802 ΓΔ
597 739 679 803 κατδι
705 741 743 804 τὸ
771 744 818 822 Δ,
845 737 900 803 καὶ
928 738 1091 803 δέδεικται
1116 739 1136 821 ή

121 846 256 929 τοιαύτη
284 854 344 910 τοῦ
371 846 553 930 κυλίνδρου
580 845 662 929 τομή
691 848 833 923 ἔλλειψις
860 840 958 929 οὖσα,
991 844 1063 910 ἀλλ’
1094 847 1136 910 οὐ

121 953 251 1034 κύκλος,
274 949 329 1016 καὶ
351 960 507 1035 κατήκται
526 950 729 1035 τεταγμένως
746 950 767 1034 ἡ
788 956 865 1035 ΔΟ,
889 952 934 1028 ὡς
952 953 1015 1037 ἄρα
1034 952 1055 1036 ή
1075 956 1142 1016 AP

122 1060 204 1144 πρὸς
230 1059 291 1142 τήν
319 1062 404 1142 PM,
422 1059 539 1134 >nimus
565 1057 585 1141 ἡ
609 1062 676 1124 AO
702 1060 785 1145 πρὸς
812 1061 873 1143 τήν
897 1063 983 1141 OM,
1012 1059 1057 1136 ὡς
1083 1058 1137 1138 δέ-

123 1167 248 1230 δεικται
275 1175 320 1253 τῳ
347 1163 555 1252 Ἀπολλωνίῳ
585 1164 620 1230 ἐν
643 1175 688 1253 τῳ
713 1164 746 1229 α’
770 1177 838 1230 τῶν
861 1169 1032 1230 Κωνικῶν.
1079 1165 1137 1230 καὶ

72 1281 106 1330 10
125 1273 180 1336 διὰ
206 1273 247 1335 τδι
274 1271 372 1354 αὐτοί,
400 1272 445 1348 ὡς
466 1271 487 1354 ή
510 1275 585 1336 NP
600 1273 683 1357 πρὸς
705 1273 766 1355 τήν
790 1271 863 1354 ΓΞ,
889 1272 995 1348 οὕτως
1016 1272 1036 1356 ἡ
1060 1277 1142 1337 ΝΠ

122 1379 206 1464 πρὸς
232 1379 293 1460 τὴν
319 1377 390 1450 ΗΞ.
441 1376 510 1442 ἐπεὶ
538 1375 574 1442 δὲ
602 1378 622 1461 ή
649 1382 729 1442 ΝΗ
751 1388 790 1463 τῇ
821 1382 899 1442 ΘΜ
924 1379 1136 1464 παράλληλός

127 1483 231 1566 ἐστιν,
259 1484 303 1560 ὡς
331 1485 394 1569 ἄρα
422 1482 442 1566 ἡ
471 1487 541 1548 AP
567 1485 650 1570 πρὸς
676 1485 737 1567 τήν
765 1487 852 1566 ΓΜ,
884 1484 990 1561 οὕτως
1017 1483 1038 1567 ή
1066 1488 1141 1549 ΝΓ

123 1590 206 1675 πρὸς
227 1590 288 1673 τήν
312 1589 384 1663 ΓΞ·
412 1588 467 1654 καὶ
491 1591 535 1667 ὡς
558 1592 621 1672 ίίρα
644 1590 664 1673 ή
688 1594 754 1654 AO
777 1591 860 1676 πρὸς
881 1592 942 1674 τήν
967 1595 1055 1675 OM,
1078 1592 1136 1657 οὕ-

123 1719 187 1771 τως
218 1694 237 1778 ἡ
265 1700 344 1760 ΝΠ
368 1698 450 1782 πρὸς
481 1697 542 1780 τήν
569 1696 648 1770 ΗΞ·
676 1696 697 1779 ή
725 1698 788 1783 ἄρα
815 1698 855 1760 τδι
882 1701 930 1779 Π,
957 1701 985 1762 0
1017 1684 1136 1782 σημεῖα

76 1811 109 1860 15
128 1801 385 1885 ε’πιζευηνύουσα
416 1802 531 1867 εὐθεῖα
563 1801 599 1866 ἐν
629 1812 675 1890 τῳ
702 1807 773 1867 ΗΘ
804 1800 945 1890 ἐπιπέδῳ
979 1802 1048 1868 ἐστὶ
1079 1803 1136 1869 καὶ

123 1909 331 1995 παράλληλος
359 1906 493 1995 ἑκατέρῳ
514 1920 581 1973 τῶν
599 1913 680 1992 BA,
701 1912 782 1974 ΘΜ.
827 1907 882 1973 καὶ
906 1907 974 1973 ἐπεὶ
997 1907 1135 1996 ἑκατέρα

123 2027 190 2081 τῶν
212 2019 294 2098 ΔΟ,
317 2019 391 2079 ΕΠ
408 2025 448 2100 τή
472 2017 538 2079 ΓΚ
557 2015 765 2101 παράλληλός
787 2014 887 2098 ἐστιν,
910 2017 948 2080 αί
968 2021 1047 2100 AO,
1065 2022 1140 2082 ΕΠ

124 2123 188 2207 ι’ίρα
214 2119 269 2186 καί
296 2120 452 2204 ἀλλήλαις
479 2119 543 2186 εἰσὶ
570 2121 782 2207 παράλληλοι.
832 2120 889 2186 έδιν
917 2123 959 2206 δή
987 2124 1044 2187 διὰ
1066 2134 1135 2189 τῶν

125 2232 209 2311 ΛΟ,
232 2233 305 2292 ΕΠ
323 2228 466 2293 εὐθειῶν
489 2226 576 2313 ιἰχθή
600 2226 765 2311 ἐπίπεδον,
787 2239 878 2312 τεμεῖ
897 2230 934 2293 τὸ
960 2233 1034 2293 ΘΗ
1051 2252 1134 2316 παρ-

73 2343 108 2391 20
126 2336 400 2420 αλληλόνραμμον
426 2334 508 2399 κατδι
534 2334 596 2417 τήν
621 2338 693 2397 ΟΠ
711 2336 878 2419 γραμμήν,
904 2332 959 2400 καί
983 2338 1073 2401 ἔσται
1096 2339 1133 2401 τὸ

126 2444 266 2505 ΠΕΛΟ
298 2439 453 2504 ἐπίπεδον
482 2440 693 2525 παράλληλον
721 2439 861 2527 ἐπιπέδῳ
889 2439 956 2505 τινὶ
982 2453 1051 2507 τῶν
1078 2445 1135 2507 διδι

125 2555 182 2629 τής
213 2550 280 2611 ΒΑ
311 2545 482 2630 ἀνομένων
513 2545 568 2610 καὶ
599 2548 786 2630 τεμνόντων
817 2549 854 2611 τὸ
882 2551 966 2611 ΗΘ·
999 2549 1037 2612 τὸ
1070 2550 1134 2634 ἄρα

126 2656 266 2717 ΠΕΔΟ
289 2651 444 2716 ἐπίπεδον
467 2654 570 2736 τομὴν
593 2655 722 2736 ποιήσει
745 2652 782 2717 ε’ν
800 2662 845 2740 τῳ
863 2655 1032 2742 κυλίνδρῳ
1052 2677 1135 2742 παρ-

126 2760 414 2842 αλληλόμραμμον,
450 2758 495 2834 ὡς
527 2757 660 2842 ἐδείχθη
692 2761 883 2845 θεωρήματι
914 2765 1024 2849 τρίτῳ.
1079 2765 1137 2828 καί

74 2871 107 2920 25
127 2860 216 2927 ἐστιν
239 2862 346 2946 ήΕΛ
363 2866 494 2949 γραμμή
517 2865 612 2948 κοινή
635 2867 716 2949 τομή
738 2874 797 2929 τοῦ
817 2871 958 2932 ΠΕΔΟ
977 2866 1133 2934 ἐπιπέδου

125 2968 260 3052 καὶτῆς
283 2978 343 3034 τοῦ
365 2971 546 3056 κυλίνδρου
570 2970 774 3055 ἐπιφανείας·
797 2967 908 3054 ήΕΛ
931 2973 996 3058 δίρα
1018 2975 1134 3040 εὐθεῖαί

127 3075 195 3141 ε’στι
222 3074 277 3141 καὶ
303 3077 429 3162 πλευρὰ
455 3085 515 3141 τοῦ
542 3078 893 3163 παραλληλογράμμου.
943 3078 1067 3163 ὁμοίως
1093 3083 1133 3164 δή

128 3184 295 3249 δείκνυται
321 3179 377 3246 καὶ
404 3181 457 3248 ἐπὶ
483 3195 598 3248 πασῶν
624 3195 692 3248 τῶν
719 3183 968 3269 έῳαπτομένων,
1000 3185 1057 3251 καὶ
1085 3188 1134 3252 ὅτι

198 3379 221 3428 2.
242 3376 393 3499 EH]VPH
407 3392 429 3429 ο.
510 3381 536 3430 4,
555 3374 598 3447 vo]
616 3375 674 3445 Vc,
697 3374 733 3429 τοί
750 3394 777 3445 p.
862 3382 885 3431 5.
905 3381 1042 3451 AAMP]
1062 3397 1088 3450 ο,
1114 3383 1136 3433 Ρ

122 3443 243 3497 obseura
259 3444 291 3498 εἰν
331 3489 338 3515 ,
357 3449 477 3501 ΛΔΜΕ
495 3464 521 3517 v,
540 3450 633 3501 ΛΑΜ
645 3465 672 3516 p.
744 3448 775 3502 τὸ
794 3452 829 3515 Δ,
846 3449 895 3503 καὶ
913 3447 1066 3523 δέδεικται]
1086 3450 1133 3505 ab·

80 3519 296 3623 *sumpserant
310 3533 421 3575 υεηηοε
435 3518 467 3574 in
479 3537 507 3592 p.
583 3526 609 3577 9.
628 3522 665 3594 τῷ
675 3519 752 3592 (Ρϊδλ
768 3535 822 3573 om.
833 3537 863 3588 θ·
932 3520 980 3592 «Ἰ
994 3523 1094 3596 πρώτῳ
1110 3539 1132 3575 ⁰·
