2430 3854
116 163 178 229 102
383 164 469 214 ΠΕΡΙ
486 160 700 215 KTAINAPOT
719 162 854 212 ΤοΜΗΣ.

113 276 311 400 πάλινςβτδ
329 305 455 391 θάτερα
484 302 565 390 μέρη
598 305 635 368 αἱ
664 303 748 388 άφαὶ
779 305 860 368 κατὰ
889 305 926 368 τὸ
955 309 985 368 Ρ
1007 301 1062 368 καὶ
1094 310 1129 368 Σ

114 390 272 508 χίνονμμτῗ
295 415 353 477 καί
380 414 465 477 εἰσιν
492 408 544 476 ἐπὶ
574 420 650 495 μιᾶς
680 411 813 487 εὐθείας
841 412 1053 496 παραλλήλου
1084 420 1125 495 τή

114 501 327 612 ΕΛζζπάσαι
351 519 415 604 άρα
433 519 470 582 αἱ
486 517 708 601 ἐφαπτόμεναι
726 515 805 581 καθ’
827 514 901 594 ἑνὸς
918 521 1125 603 παραλληλο-

85 609 265 728 ,.χρᾶμμου
295 629 447 709 πλευρῶν
476 626 534 700 τὰς
567 623 654 707 ἁφάς
686 632 873 688 ποιοῦνται·
906 622 923 688 ὃ
954 622 1125 707 προέκειτο

79 731 224 810 οδεῖξαι.

73 918 82 933 ,
106 928 115 942 ,
599 853 641 919 ι’.

184 983 312 1046 Τούτου
353 977 542 1063 δειχθέντος
583 981 665 1044 ἔστω
704 981 1046 1064 παραλληλόγραμμον
1088 980 1125 1043 τὸ

113 1090 267 1170 ΑΒΓΔ,
294 1085 349 1150 καὶ
377 1086 466 1170 παρά
488 1088 549 1169 τήν
571 1090 638 1149 AB
661 1085 764 1149 αὐτοῦ
786 1086 886 1168 βάσιν
908 1086 1068 1169 ἤχθωσαν
1092 1087 1129 1150 αλ

20 1222 27 1238 ν
113 1198 186 1276 ΕΖ,
210 1197 290 1277 ΗΘ,
313 1189 368 1256 καὶ
391 1195 542 1276 εἰλήφθω
565 1215 597 1255 τι
621 1203 756 1275 σημεῖον
778 1193 815 1256 τὸ
835 1195 870 1254 Κ
889 1194 932 1276 μή
956 1191 995 1255 δν
1020 1191 1056 1257 ἐν
1079 1193 1125 1279 τῷ

62 1312 95 1360 10
113 1308 173 1363 τοῦ
196 1299 538 1385 παραλληλογράμμου
563 1297 720 1386 ἐπιπέδῳ,
747 1295 802 1362 καὶ
828 1298 1068 1381 ἐπιζευχθεῖσαι
1091 1301 1129 1364 αἱ

113 1409 189 1487 ΚΕ,
212 1408 288 1488 ΚΖ,
312 1408 392 1488 ΚΗ,
416 1409 484 1468 ΚΘ
506 1404 717 1488 ἐκβληθεῖσαι
740 1403 1033 1491 προσπιπτέτωσαν
1058 1403 1126 1469 ε’πι-

112 1509 201 1598 πέδῳ
224 1509 291 1575 τιυὶ
314 1514 511 1599 παραλλήλῳ
536 1514 607 1577 ὄντι
630 1521 676 1598 τῷ
699 1514 838 1575 ΑΒΓΔ
855 1511 937 1575 κατά
955 1511 995 1574 τά
1015 1514 1056 1594 A,
1076 1516 1125 1594 Μ,

112 1622 161 1699 Ν,
185 1616 215 1690 Ξ
239 1629 364 1701 σημεῖα.
409 1618 446 1682 τὸ
474 1618 515 1700 δή
543 1619 598 1682 διὰ
625 1629 693 1682 τῶν
715 1621 797 1700 ΚΛ,
821 1622 884 1682 ΕΖ
907 1616 1051 1682 εὐθειῶν
1075 1617 1091 1682 έ
1111 1658 1125 1665 -

113 1726 317 1807 βαλλόμενον
345 1723 501 1788 ἐπίπεδον
527 1735 618 1808 τεμεῖ
642 1722 697 1788 καὶ
724 1726 761 1788 τὸ
789 1723 941 1797 ΛΜΝΞ
968 1723 1125 1788 ἐπίπεδον

62 1842 94 1891 15
112 1829 167 1894 καὶ
194 1832 324 1913 ποιήσει
353 1829 389 1895 ἐν
417 1830 505 1915 αὐτῷ
532 1831 650 1913 κοινήν
677 1832 781 1914 τομήν
806 1830 866 1912 τὴν
890 1834 970 1894 AM
988 1831 1126 1895 εὐθεῖαν

112 1937 325 2023 παράλληλον
348 1932 453 2002 οὖσαν
476 1945 515 2020 τή
537 1939 613 2000 ΕΖ·
637 1935 758 2019 ὁμοίως
781 1933 817 2000 δὲ
840 1935 894 2000 καὶ
917 1937 954 2000 τὸ
978 1936 1034 2001 διὰ
1058 1948 1126 2001 τῶν

112 2046 198 2125 ΚΝ,
221 2047 292 2107 ΗΘ
320 2043 463 2109 εὐθειῶν
490 2041 646 2106 ἐπίπεδον
673 2045 802 2125 ποιήσει
824 2042 1036 2128 παράλληλον
1064 2044 1126 2126 τήν

113 2154 152 2214 Ν
155 2149 185 2223 Ξ
208 2160 247 2237 τῇ
271 2154 310 2214 Η
314 2154 351 2214 Θ.
401 2147 470 2214 ἐπεὶ
498 2145 560 2214 οὖν
586 2150 623 2214 τὸ
648 2152 760 2212 AKN
781 2151 947 2235 τρίγωνον
973 2146 1125 2232 τέμνεται

112 2255 177 2322 ὑπὸ
196 2259 416 2342 παραλλήλων
431 2254 594 2322 ἐπιπέδων
608 2267 675 2320 τῶν
690 2258 824 2337 ΑΒΓΔ,
838 2259 913 2318 AN
915 2254 997 2338 ΞΜ,
1011 2257 1049 2319 αἱ
1061 2257 1125 2341 ἄρα

60 2375 94 2424 20
111 2362 220 2428 κοιναὶ
244 2364 354 2428 αὐτῶν
376 2361 474 2448 τομαὶ
496 2363 704 2449 παράλληλοί
724 2365 808 2426 εἰσιν
831 2360 1003 2445 ἀλλήλαις,
1028 2385 1125 2451 τουτ-

112 2467 202 2534 έστιν
228 2469 248 2552 ή
276 2475 347 2535 NA
370 2479 410 2554 τή
432 2474 514 2534 ΗΕ·
548 2469 604 2533 διά
626 2469 666 2533 τά
690 2468 773 2533 αὐτὰ
801 2465 838 2531 δὲ
864 2465 920 2532 καὶ
946 2467 966 2550 ή
991 2467 1069 2541 ΞΜ
1085 2478 1125 2554 τῇ

114 2580 176 2639 ΘΖ
199 2576 414 2662 παράλληλος.
456 2576 501 2653 ὡς
523 2578 587 2662 άρα
609 2575 630 2658 ή
650 2579 719 2639 ΕΚ
733 2576 816 2660 πρὸς
838 2575 900 2657 τήν
917 2576 996 2656 KA,
1020 2560 1127 2651 οὕτως

112 2682 132 2765 ἡ
155 2685 230 2745 ΗΚ
254 2683 337 2767 πρὸς
357 2683 418 2765 τήν
440 2685 520 2746 ΚΝ.
562 2679 635 2746 ἀλλ’
661 2682 706 2758 ὡς
732 2678 793 2765 μὲν
820 2680 840 2764 ή
864 2684 939 2744 ΗΚ
958 2682 1042 2765 πρὸς
1064 2683 1126 2765 τήν

112 2789 197 2870 ΚΝ,
221 2787 326 2862 οὕτως
348 2786 368 2869 η
387 2792 464 2852 ΗΘ
486 2789 568 2873 πρὸς
590 2789 651 2871 τήν
673 2787 755 2872 ΝΞ,
783 2787 828 2863 ὡς
851 2783 888 2851 δὲ
910 2787 931 2871 ή
954 2791 1024 2851 ΕΚ
1043 2789 1127 2873 πρὸς

61 2905 94 2954 25
113 2896 192 2976 KA,
215 2893 320 2969 οὕτως
342 2892 362 2975 ή
385 2898 450 2958 ΕΖ
472 2895 555 2980 πρὸς
577 2899 666 2958 AM·
688 2892 743 2958 καὶ
766 2894 811 2969 ὡς
834 2895 898 2978 άρα
922 2892 1024 2975 ήΕΖ
1043 2895 1127 2979 πρὸς

113 3002 175 3084 τήν
198 3004 287 3084 AM,
316 2999 421 3076 οὕτως
443 2998 463 3083 ἡ
487 3004 558 3064 ΗΘ
581 3001 663 3085 πρὸς
686 3002 747 3084 τήν
769 3005 808 3065 Ν
810 2999 844 3073 Ξ.
890 2997 945 3063 καὶ
973 2999 1126 3079 ε’ναλλάξ·

184 3234 208 3281 4.
228 3225 243 3282 ὃ
262 3225 407 3297 προέκειτο
426 3228 528 3300 δεῖξαι]
548 3245 600 3282 om.
620 3246 647 3297 p.
726 3233 749 3282 6,
769 3228 810 3300 λ’]
830 3244 883 3281 om.
903 3226 936 3281 V.
1011 3232 1034 3282 7.
1054 3248 1126 3296 παρ-

114 3299 353 3371 αλληλόγραμμον]
371 3315 446 3367 vcp,
475 3318 522 3354 -ον
542 3315 622 3354 euan.
641 3299 674 3353 V.
765 3304 789 3352 8.
815 3300 902 3353 αὐτοῦ
922 3296 1017 3371 βάσιν]
1041 3298 1126 3370 βάσιν

113 3372 200 3426 αὐτοῦ
218 3389 245 3439 p.
319 3375 360 3424 10.
379 3371 441 3441 τοῦ]
462 3386 515 3424 om.
534 3388 557 3425 ο.
637 3376 679 3424 12.
698 3370 874 3441 παραλλήλω]
893 3386 968 3438 vop,
992 3390 1036 3438 -ρ-
1056 3387 1125 3424 corr.
1199 3426 1204 3435 ,

106 3445 176 3492 exst
190 3460 227 3494 ια,
244 3447 260 3494 1
278 3441 308 3496 V.
367 3446 408 3495 13.
429 3443 539 3514 σημεῖα]
558 3441 588 3494 in
606 3441 659 3495 hoc
677 3441 816 3495 uocabulo
834 3425 891 3494 des.
905 3458 932 3509 p.
989 3446 1030 3495 14.
1050 3451 1128 3510 τεμεῖ

72 3535 125 3615 Ὲ-
144 3508 306 3583 ἐπιπεδον]
323 3530 378 3568 om,
401 3530 424 3569 c.
501 3514 650 3588 AMNE]
666 3511 732 3568 fort.
752 3514 843 3572 ΛΜΞ
851 3515 885 3566 Ν.
970 3541 972 3544 ·
