2430 3854
124 163 187 226 208
423 154 524 215 ΠΕΡΙ
543 164 670 216 Κωαοω
690 165 825 216 Τοααε.

124 307 260 390 τάσεως,
289 308 385 391 ὅμοια
414 309 477 391 άρα
506 305 575 372 ἐστὶ
603 308 642 371 τά
670 311 830 393 τρίγωνα·
860 308 904 384 ὡς
932 310 997 393 άρα
1025 307 1044 390 ἡ
1069 313 1138 373 ΗΘ

123 416 206 497 πρὸς
231 418 309 498 ΘΒ,
337 414 442 490 οὕτως
469 413 489 496 ἡ
519 417 584 478 ΒΛ
610 415 693 498 πρὸς
721 417 800 479 AH.
846 412 915 480 ἐπεὶ
938 411 1001 481 οὖν
1025 415 1045 498 ἡ
1069 420 1138 481 ΗΘ

122 522 206 603 πρὸς
236 524 296 585 ΘΒ
324 523 456 604 μείζονα
484 524 585 602 λόγον
613 523 678 604 ἔχει
700 522 783 606 ῇιτερ
806 520 826 604 ἡ
849 525 935 586 ΗΜ
951 524 1036 607 πρὸς
1056 528 1137 605 ΜΒ,

123 625 143 709 ἡ
172 623 209 691 δὲ
232 631 314 691 ΗΜ
337 629 420 713 πρὸς
444 632 516 691 ΜΒ
539 630 670 711 μείζονα
698 630 799 710 λόγον
827 630 892 711 ἔχει
915 629 998 713 ἥπερ
1022 627 1042 711 ἡ
1068 633 1137 693 ΗΑ

89 735 206 817 δαρὸς
233 738 313 816 ΑΒ,
343 734 363 818 ἡ
393 736 457 819 άρα
484 738 555 798 ΗΘ
581 734 664 820 πρὸς
693 738 755 798 ΘΒ
785 737 916 817 μείζονα
943 737 1047 816 λόγον
1075 739 1137 818 ἔχει

122 840 204 924 ῇτιερ
235 839 255 922 ἡ
285 845 358 905 ΗΑ
384 841 467 926 πρὸς
494 844 569 905 ΑΒ.
625 837 696 904 ἀλλ’
728 841 779 916 ὡς
803 840 823 923 ἡ
851 845 923 905 ΗΘ
948 843 1033 924 πρὸς
1066 847 1136 924 ΘΒ,

123 946 228 1022 οὕτως
250 945 270 1028 ἡ
294 951 370 1030 ΒΑ,
393 944 564 1011 τουτέστιν
586 945 606 1028 ἡ
626 950 706 1030 ΒΚ,
729 948 811 1033 πρὸς
835 951 920 1011 AH·
944 947 963 1030 ἡ
988 949 1054 1032 ἄρα
1073 952 1139 1012 ΒΚ

122 1054 205 1138 πρὸς
233 1057 310 1117 ΛΗ
331 1057 463 1137 μείζονα
491 1056 592 1135 λόγον
619 1055 684 1136 ἔχει
711 1054 794 1138 ῇπερ
817 1053 838 1136 ἡ
862 1057 934 1117 ΗΑ
956 1055 1040 1140 πρὸς
1064 1060 1136 1118 ΑΒ.

123 1161 159 1223 τὸ
183 1161 247 1243 άρα
269 1159 335 1224 ὑπὸ
359 1164 440 1242 ΑΒ,
463 1163 532 1223 ΒΚ
552 1162 661 1243 μεῖζόν
686 1159 754 1223 ἐστι
777 1168 837 1224 τοῦ
860 1159 925 1224 ὑπὸ
949 1164 1035 1244 ΑΗ,
1058 1166 1136 1244 ΗΑ,

71 1280 105 1327 10
123 1265 273 1331 τουτέστι
295 1267 332 1330 τὸ
361 1267 417 1330 διά
440 1275 500 1330 τοῦ
523 1265 640 1343 άξονος
664 1262 828 1341 ἰσοσκελὲς
851 1269 961 1349 μεῖζόν
984 1264 1055 1331 ἐστι
1079 1277 1136 1343 τοῦ

122 1373 179 1437 διά
201 1382 259 1455 τῇς
282 1377 359 1436 ΑΗ
382 1374 586 1455 ίσοσκείοῦς,
615 1368 656 1437 οὗ
678 1373 773 1456 βάσις
799 1369 888 1436 ἐστὶν
911 1371 931 1454 ἡ
955 1372 1057 1456 διπλῇ
1081 1384 1136 1457 τῇς

123 1483 202 1543 ΛΗ.
253 1481 314 1544 οὐκ
347 1481 412 1565 άρα
445 1482 482 1545 τὸ
513 1481 570 1544 διά
600 1488 660 1544 τοῦ
691 1478 808 1556 άξονος
839 1476 1003 1556 ἰσοσκελὲς
1033 1480 1137 1563 ἐλάχι-

123 1587 202 1649 στόν
226 1584 293 1650 ἐστι
317 1586 452 1651 πάντων
474 1599 541 1651 τῶν
564 1585 683 1670 μεταξὺ
707 1597 773 1649 τῶν
797 1590 836 1669 Β,
861 1588 894 1650 Γ
911 1589 1056 1669 σημείων
1080 1588 1136 1662 τὰς

122 1691 234 1774 βάσεις
257 1691 400 1775 ἑχόντων
425 1695 614 1758 ἰσοσκελῶν.

73 1863 105 1910 15
205 1871 206 1876 ¹
600 1849 658 1930 λζ’.

187 1956 263 2023 Ἐάν
292 1956 344 2023 ἐπὶ
374 1968 431 2042 τῇς
460 1959 562 2042 αὐτῇς
591 1959 717 2042 βάσεως
749 1958 811 2022 δύο
844 1961 990 2043 τρίγωνα
1020 1969 1135 2044 συστῇ,

123 2062 177 2129 καὶ
200 2073 260 2129 τοῦ
283 2062 343 2149 μὲν
367 2063 480 2150 ἑτέρου
503 2064 523 2147 ἡ
546 2065 673 2150 πλευρά
695 2066 777 2150 πρὸς
800 2064 907 2149 ὀρθάς
929 2059 951 2150 ᾗ·
972 2074 1012 2149 τῇ
1031 2065 1135 2148 βάσει,

123 2179 183 2234 τοῦ
211 2167 247 2235 δὲ
275 2169 389 2257 ἑτέρου
415 2173 499 2257 πρὸς
521 2171 680 2256 ἀμβλεῖαν
703 2173 844 2253 γωνίαν,
870 2170 907 2234 τὸ
932 2167 968 2234 δὲ
992 2180 1052 2235 τοῦ
1077 2172 1135 2256 άμ-

122 2280 312 2360 βλυγωνιόυ
341 2278 427 2356 ὕψος
455 2280 499 2363 μὴ
530 2280 665 2342 ἔλαττον
694 2271 716 2363 ᾖ
745 2286 804 2341 τοῦ
834 2285 894 2340 τοῦ
922 2276 1135 2362 ὀρθογωνίου

71 2393 105 2442 20
121 2383 240 2468 ὕψους,
263 2383 283 2467 ἡ
306 2385 389 2470 πρὸς
411 2395 450 2470 τῇ
473 2394 605 2469 κορυφῇ
629 2387 734 2467 γωνία
756 2392 815 2448 τοῦ
834 2382 1047 2468 ὀρθογωνίου
1067 2389 1135 2468 μεί-

124 2493 187 2568 ζων
210 2493 301 2555 ἔσται
324 2500 382 2574 τῇς
403 2493 486 2578 πρὸς
508 2501 549 2576 τῇ
571 2500 703 2575 κορυφῇ
726 2498 786 2554 τοῦ
810 2489 1054 2573 άμβλυγωνίου.

190 2597 377 2662 συνεστάτω
406 2595 458 2661 ἐπὶ
481 2607 539 2680 τῇς
558 2601 626 2661 ,ΑΒ
651 2597 691 2660 τά
713 2599 826 2677 ΑΓΒ,
850 2600 954 2659 ΑΛΒ
978 2600 1134 2682 τρίγωνα,

122 2699 178 2766 καὶ
200 2701 220 2784 ἡ
243 2699 304 2786 μὲν
325 2703 391 2768 ὑπὸ
411 2707 516 2780 ΑΒΓ
533 2706 615 2768 ἔστω
639 2702 737 2788 ὀρθή,
760 2700 780 2784 ἡ
804 2698 841 2766 δὲ
862 2701 927 2765 ὑπὸ
947 2707 1053 2766 ΑΒΔ
1076 2703 1135 2787 άμ-

122 2810 230 2891 βλεῐα,
257 2808 277 2891 ἡ
305 2805 343 2872 δὲ
370 2809 434 2874 άπὸ
461 2818 521 2874 τοῦ
545 2816 578 2874 Δ
600 2810 740 2884 κάθετος
767 2807 820 2873 ἐπὶ
847 2809 908 2892 τὴν
933 2813 999 2872 ΑΒ
1023 2809 1044 2892 ἡ
1068 2817 1100 2875 Δ
1108 2816 1134 2874 Z

70 2926 104 2975 25
122 2916 166 2999 μὴ
191 2915 335 2980 ἐλάττων
358 2917 440 2980 ἔστω
463 2925 521 3000 τῇς
541 2918 601 2980 ΓΒ
624 2913 777 2980 καθέτου.
823 2913 918 2998 λέγω,
942 2916 992 2980 ὅτι
1016 2920 1134 3000 μείζων

123 3020 213 3087 ἐστὶν
236 3022 256 3105 ἡ
279 3021 344 3087 ὑπὸ
368 3026 466 3087 ΑΓΒ
489 3031 547 3106 τῇς
569 3023 634 3088 ὑπὸ
658 3027 767 3087 ΑΛΒ.

195 3161 456 3235 κοίίτωςμααρ.
529 3163 596 3234 ΒΑ]
616 3165 712 3230 ABp.
786 3162 861 3232 ΗΘ]
881 3164 935 3213 ΗΒ
955 3161 1037 3231 ch,
1065 3179 1132 3217 corr.

123 3233 227 3288 Comm.
301 3236 399 3288 3.ΘΒ
431 3236 530 3302 ΒΘρ.
609 3233 847 3302 7.AH]HAp.
921 3234 1132 3357 BKgcorrssx

124 3309 222 3374 PKp.
296 3311 320 3360 8.
340 3309 400 3359 ΑΗ
434 3309 536 3373 HAp.
614 3305 792 3375 9.τοῦ]τρ,
817 3320 885 3358 corr.
906 3317 973 3357 exv
1008 3305 1131 3370 m.1V,

122 3375 153 3430 τό
172 3393 194 3431 ο.
270 3382 311 3431 10.
331 3375 362 3430 τὸ
382 3373 483 3430 διά-
503 3382 545 3429 12.
565 3376 629 3446 οὐκ]
652 3392 707 3444 mg.
727 3371 924 3444 ρ(κείμενον).
999 3382 1040 3430 12.
1061 3377 1131 3446 ΛΗ]

118 3452 146 3498 Λ
169 3463 185 3500 e
209 3451 276 3501 οοω,
301 3453 372 3501 m.1
399 3463 421 3501 ο.
513 3443 661 3517 ἰσοσκελές]
680 3463 754 3514 vop,
783 3445 827 3499 ίσ-
851 3445 941 3515 suppl.
966 3464 1002 3501 m.
1026 3464 1080 3502 rec.
1099 3447 1130 3500 V.

142 3522 186 3571 16,
206 3519 268 3591 λζ’]
286 3536 341 3575 om.
365 3519 423 3592 Vc,
443 3519 521 3592 Zs'p
541 3520 572 3575 eb
588 3537 627 3575 m.
645 3534 702 3573 tec.
716 3517 761 3587 Β,
778 3519 809 3570 οῖ
826 3515 868 3568 §m
886 3515 1026 3583 οοὶαοερε.
