2430 3854
126 184 189 246 174
434 186 521 237 ΠΕΡΙ
539 186 668 238 mor
686 185 821 240 ΤΟΜΗΣ.

124 328 296 412 ἐλάχιστον
319 325 356 394 δὲ
378 329 416 394 τὸ
438 330 521 415 πρὸς
543 329 650 416 ὀρθὰς
669 339 709 416 τῇ
727 329 821 413 βᾶσει
844 337 904 394 τοῦ
922 330 1045 413 κώνου,
1068 341 1135 395 τών

125 433 161 501 δὲ
188 440 314 500 λοιπῶν
341 436 378 501 τὸ
410 443 470 500 τοῦ
498 439 653 521 μεγίστου
686 439 799 519 ἔγγιον
830 438 941 520 μεῖζόν
973 435 1043 501 ἐστι
1075 445 1134 501 τοῦ

125 541 302 629 ἀπώτερον.

191 647 227 714 ἐν
258 650 321 736 γὰρ
349 650 445 737 κώνῳ
473 654 624 738 σκωληνςό
652 649 709 714 διὰ
735 658 794 714 τοῦ
817 654 883 713 ΑΒ
911 646 1029 727 ἄξονος
1053 652 1135 714 ἔστω

89 757 283 840 δτρίγωνοι,
317 753 481 832 ἰσοσκελὲς
508 752 570 841 μὲν
590 757 629 821 τὸ
652 759 769 839 ΑΓΔ,
797 755 904 843 ὀρθὸν
932 752 969 820 δὲ
991 756 1076 840 πρὸς
1098 757 1134 820 τὸ

123 870 181 946 τῆς
203 861 330 945 βάσεως
348 861 504 928 ἐπίπεδον
522 863 559 928 τὸ
578 868 610 926 Α
617 867 687 926 ΕΖ.
723 861 819 946 λέγω,
842 862 892 928 ὅτι
911 862 1046 927 πάντων
1068 872 1136 926 τών

124 968 181 1032 διὰ
203 976 264 1033 τοῦ
286 967 404 1046 ἄξονος
425 970 599 1054 τριγώνων
621 967 777 1053 μέγιστον
799 967 859 1054 μέν
882 969 1007 1034 ἔστιτὸ
1026 972 1134 1051 ΑΓΔ,

124 1072 295 1158 ἐλάχιστον
319 1072 357 1140 δὲ
378 1077 416 1141 τὸ
439 1081 547 1141 ΑΕΖ.

191 1183 273 1246 ἔστω
300 1184 363 1264 γὰρ
392 1183 448 1247 διὰ
474 1192 535 1247 τοῦ
560 1181 677 1261 ἄξονος
698 1181 843 1267 ἠγμένον
865 1184 945 1248 ἄλλο
968 1184 1136 1267 τρίγωνον

72 1300 106 1349 10
124 1289 160 1354 τὸ
180 1293 296 1354 ΑΗΘ.
332 1287 388 1354 καὶ
407 1288 476 1355 ἐπεὶ
494 1291 656 1374 σκαληνὸς
672 1289 690 1355 ὁ
708 1300 824 1373 κῶνος,
847 1293 1011 1354 κεκλίσθω
1031 1289 1048 1355 ὁ
1068 1293 1134 1353 ΑΒ

124 1394 212 1473 ἄξων
244 1393 297 1460 ἐπὶ
327 1397 369 1461 τὰ
394 1404 456 1460 τοῦ
487 1401 515 1460 Ζ
546 1395 642 1483 μέρη·
678 1399 812 1481 μεγίστη
839 1393 900 1481 μὲν
926 1397 991 1481 ἄρα
1017 1394 1038 1478 ἡ
1067 1400 1137 1459 ΑΕ

123 1503 250 1586 πλευρὰ
277 1513 393 1568 πασῶν
420 1514 486 1568 τών
514 1503 577 1568 ἀπὸ
605 1511 664 1567 τοῦ
688 1508 720 1567 Α
752 1500 805 1568 ἐπὶ
832 1504 893 1588 την
919 1501 1135 1588 περιφέρειαν

125 1606 295 1692 ἀγομένων
314 1609 466 1694 εὐθειῶν,
490 1610 642 1694 ἐλαχίστη
660 1606 697 1674 δὲ
715 1608 735 1692 ἡ
754 1614 829 1674 ΑΖ.
866 1609 886 1694 η
904 1606 965 1693 μὲν
983 1611 1048 1695 ἄρα
1067 1614 1134 1673 ΕΑ

123 1723 181 1798 τῆς
207 1719 285 1779 ΑΗ
310 1718 428 1800 μείζων
456 1714 560 1800 ἐστίν,
591 1714 612 1799 ἡ
640 1712 677 1780 δὲ
706 1720 770 1779 ΖΑ
802 1724 859 1800 τῆς
885 1718 953 1779 ΑΘ
981 1715 1134 1780 ἐλάττων.

72 1834 105 1882 15
125 1819 193 1886 ἐπεὶ
212 1817 274 1888 οὖν
293 1823 354 1887 δύο
373 1824 518 1907 τρίγωνα
537 1823 577 1886 τὰ
601 1827 705 1907 ΑΕΖ,
721 1826 829 1886 ΑΗΘ
847 1827 920 1898 ἴσοις
938 1824 1003 1905 ἔχει
1021 1823 1135 1905 βάσεις

123 1929 182 2005 τὰς
203 1917 278 2013 ΕΖ,
296 1933 367 1994 ΗΘ
389 1927 444 1994 καὶ
466 1929 528 2012 την
547 1927 610 1994 ἀπὸ
633 1937 690 2012 τῆς
711 1937 862 2014 κορυφῆς
885 1925 937 1993 ἐπὶ
959 1929 1021 2012 τὴν
1044 1929 1135 2012 διχο-

123 2039 241 2119 τομίαν
268 2045 326 2120 τῆς
351 2035 478 2119 βάσεως
504 2037 565 2120 τὴν
592 2034 698 2119 αὐτὴν
724 2036 785 2119 την
808 2040 889 2117 AB,
917 2032 972 2099 καὶ
1001 2038 1135 2118 μείζονα

124 2144 224 2224 λόγον
252 2144 316 2226 ἔχει
343 2140 364 2225 ἡ
391 2146 461 2206 ΑΕ
485 2141 568 2226 πρὸς
594 2145 661 2204 ΑΖ
687 2141 769 2227 ἥπερ
797 2138 818 2223 ἡ
847 2144 917 2204 ΗΑ
944 2142 1028 2226 πρὸς
1054 2146 1134 2224 ΑΘ,

124 2251 260 2314 ἔλαττον
279 2250 342 2335 ἄρα
361 2245 430 2313 ἐστὶ
448 2249 485 2314 τὸ
503 2251 604 2312 ΑΕΖ
622 2255 682 2311 τοῦ
701 2251 773 2311 ΗΑ
781 2250 817 2312 Θ.
852 2246 973 2331 ὁμοίως
991 2243 1029 2311 δὲ
1048 2248 1135 2312 δείκ-

71 2367 106 2416 20
123 2378 230 2439 νντοιι,
254 2355 305 2420 ὅτι
327 2353 382 2420 κοιλ
405 2354 539 2420 πάντων
559 2364 626 2419 τών
645 2354 700 2419 διὰ
725 2362 784 2418 τοῦ
808 2352 925 2431 ἄξονος
946 2355 1134 2440 τριγώνων·

124 2461 298 2546 ἐλάχιστον
325 2461 389 2546 ἄρα
416 2462 453 2527 τὸ
477 2466 545 2526 ΕΑ
552 2465 579 2524 Ζ
606 2459 740 2525 πάντων
762 2470 830 2525 τῶν
853 2461 909 2525 διὰ
932 2469 991 2525 τοῦ
1015 2459 1135 2538 ἄξονος

122 2569 304 2654 τριγώνων.
341 2567 442 2633 κᾶλιν
465 2565 534 2632 ἐπεὶ
556 2577 624 2632 τῶν
641 2570 764 2650 ΑΗΘ,
781 2569 884 2631 ΑΓΛ
906 2567 1080 2652 τριγώνων
1099 2568 1137 2631 οἳ

123 2696 158 2736 τε
180 2673 293 2756 βάσεις
316 2679 384 2739 λσοιι
411 2672 466 2738 καὶ
491 2673 512 2757 η
540 2672 604 2739 ἄτιὸ
631 2682 688 2758 τῆς
710 2682 861 2760 κορυφῆς
888 2671 940 2737 ἐπὶ
962 2673 1024 2757 την
1047 2673 1135 2756 ὃιχο

123 2782 242 2863 τομλαν
263 2789 321 2864 τῆς
343 2779 469 2863 βάσεως
490 2778 511 2862 ἡ
535 2779 633 2863 αὐτη,
655 2777 710 2844 καὶ
733 2782 798 2863 ἔχει
821 2779 841 2863 ἡ
865 2783 937 2843 ΗΑ
958 2781 1042 2866 πρὸς
1064 2784 1135 2844 ΑΘ

71 2899 104 2948 25
123 2888 255 2971 μείζονα
277 2888 377 2968 λόγον
399 2887 482 2973 ἤπερ
505 2884 526 2968 ἡ
546 2888 607 2950 ΓΑ
628 2886 710 2972 πρὸς
728 2892 810 2951 ΑΔ·
836 2891 904 2950 λσοιι
926 2887 989 2972 γὰρ
1008 2888 1046 2951 αλ
1063 2889 1134 2972 ΓΑ,

194 3192 218 3242 ἃ
242 3185 398 3257 ἀπώτερον]
416 3203 449 3254 p,
477 3183 616 3252 (λιτότερον
633 3183 682 3238 Vc.
771 3190 811 3238 10.
841 3182 944 3255 6(pr.)]
968 3183 1042 3239 ἐστιν
1066 3185 1081 3239 ὁ
1104 3203 1132 3255 p.

158 3255 308 3329 κεκλίσθω]
326 3276 358 3328 p,
382 3257 535 3310 κενλείσλλω
557 3255 635 3310 ch.
726 3261 769 3309 11.
788 3252 851 3327 μέν]
873 3272 948 3324 vcp,
972 3273 1057 3325 supra
1081 3273 1133 3310 scr.

122 3346 157 3383 m.
178 3334 191 3382 1
207 3329 239 3384 V.
296 3335 337 3383 14.
352 3329 424 3399 ΑΗ]
443 3330 474 3380 Η
490 3325 664 3380 sustulerunt
677 3341 785 3381 uermes
800 3327 830 3380 in
849 3344 871 3381 ο.
930 3332 971 3380 17.
985 3326 1120 3397 τήν(ω11ι.)

114 3407 155 3520 ἔρ
168 3416 190 3454 ο.
247 3405 295 3524 19ἐ
294 3403 333 3524 211
336 3405 357 3525 ,ἕ
365 3399 474 3543 ΘῆΑΗ
479 3400 504 3524 (Ξ
516 3415 543 3523 μί.
555 3467 582 3523 V
598 3402 640 3451 21.
656 3393 798 3522 gung
808 3403 895 3522 -ἴλλ,
905 3398 1048 3522 τρίιγίώνων
1057 3401 1125 3522 (μιὲι)1

96 3487 391 3616 Jiffssseooir.⁷{⁸
435 3487 468 3542 p,
504 3485 526 3523 τι
586 3484 611 3524 ο.
728 3470 825 3542 και]
852 3486 931 3523 οοιιε
987 3486 1015 3538 p.
1127 3511 1133 3524 .
