2430 3854
123 164 187 228 170
431 163 521 215 Πιοι
538 160 667 214 mor
685 160 822 214 ΤοιιΗΣ.

122 308 185 374 ἀπὸ
208 310 314 372 ΑΒΓ
336 304 576 394 συναμφοτέρῳ
604 314 649 393 τῳ
677 304 741 369 ἀπὸ
764 307 870 368 ΕΖΗ
897 309 983 368 ἴσον·
1016 303 1071 368 καὶ
1095 306 1132 370 τὸ

123 415 186 502 ἀπὸ
209 416 278 478 ΒΓ
301 415 364 500 ἄρα
387 412 520 498 τῷδπὸ
545 416 618 476 ΖΗ
642 418 723 477 ἴσον.
770 413 853 477 ὥστε
875 409 930 507 καὶ
954 413 1072 477 λοιπὸν
1095 414 1132 477 τὸ

122 521 185 586 ἀπὸ
208 525 274 585 ΑΒ
298 526 402 608 λοιπῳ
425 529 470 608 τῷ
494 519 558 584 ἀπὸ
577 524 641 584 ΕΖ
664 525 749 584 λσον·
775 525 828 603 ἴση
852 522 916 605 ἄρα
939 520 960 604 ἡ
982 517 1043 605 μὲν
1066 526 1132 585 ΑΒ

122 636 161 712 τῇ
184 631 262 711 ΕΖ,
292 623 374 711 ἡδὲ
392 629 461 691 ΒΓ
482 635 521 712 τῇ
547 630 622 691 ΖΗ.
669 626 752 691 ἄλλα
779 625 834 691 καὶ
857 629 894 692 αἱ
914 628 1026 711 βάσεις
1051 635 1132 693 λσαι·

88 732 228 799 ὅποὶντα
257 735 321 819 ἄρα
348 742 450 798 πᾶσιν
473 739 536 798 λσα.
587 739 661 798 ἴσον
689 735 753 820 ἄρα
780 735 817 798 τὸ
840 738 946 799 ΑΒΓ
967 739 1134 819 τρίγωνον

121 849 167 928 τῳ
195 844 314 904 ΕΖΗ·
347 841 425 925 ὅπερ
459 841 596 905 ἄτοπον·
628 833 671 923 ἦν
698 841 761 926 γὰρ
789 843 925 906 ἔλαττον
957 843 994 906 τὸ
1023 846 1132 907 ΑΒΓ.

122 948 184 1012 οὐκ
202 948 267 1033 ἄρα
282 946 303 1030 ἡ
317 951 383 1011 ΑΒ
401 947 483 1033 πρὸς
498 949 566 1011 ΒΓ
579 949 680 1029 λόγον
694 950 769 1031 ἔχει,
788 945 828 1012 δν
841 948 862 1032 ἡ
876 953 940 1012 ΕΖ
957 950 1040 1034 πρὸς
1056 954 1133 1014 ΖΗ.

188 1052 274 1138 ἀλλ’,
301 1055 332 1118 εἰ
354 1054 509 1138 δυνατόν,
533 1052 629 1137 ἐχέτω
653 1052 673 1136 ἡ
697 1058 762 1119 ΑΒ
785 1056 867 1140 πρὸς
890 1058 958 1119 ΒΓ
976 1055 1134 1121 ἐλάττονα

122 1163 223 1243 λόγον
250 1162 332 1246 ἤπερ
360 1161 380 1245 ἡ
407 1165 471 1226 ΕΖ
497 1161 581 1246 πρὸς
609 1164 694 1224 ΖΗ·
724 1159 745 1243 ἡ
772 1165 837 1226 ΕΖ
863 1162 928 1247 ἄρα
954 1163 1037 1248 πρὸς
1066 1167 1140 1227 ΖΗ

72 1286 105 1334 10
122 1270 254 1350 μείζονα
282 1269 383 1350 λόγον
410 1269 476 1351 ἔχει
507 1268 589 1352 ἥπερ
622 1265 642 1349 ἡ
670 1271 735 1332 ΑΒ
767 1269 850 1353 πρὸς
877 1271 946 1333 ΒΓ.
999 1269 1036 1334 τὸ
1069 1270 1135 1355 ἅμα

122 1378 231 1438 ΕΖΗ
248 1377 413 1459 τρίγωνον
436 1376 571 1440 ἔλαττόν
594 1372 662 1438 ἐστι
685 1383 744 1439 τοῦ
768 1378 873 1439 ΑΒΓ
898 1376 954 1440 διὰ
983 1376 1023 1439 τὰ
1047 1376 1134 1460 δειχ-

122 1481 239 1547 θέντα·
268 1482 347 1566 ὅπερ
375 1482 512 1546 ἄτοπον·
539 1478 690 1545 ὑπέκειτο
717 1481 781 1566 γὰρ
808 1484 927 1565 μεῖζον.
979 1483 1041 1547 οὐκ
1068 1485 1134 1569 ἄρα

122 1587 143 1671 ἡ
161 1592 228 1652 AB
251 1588 334 1672 πρὸς
352 1591 380 1650 Β
387 1590 419 1651 Γ
437 1585 594 1652 ἐλάττονα
617 1588 718 1669 λόγον
736 1590 801 1671 ἔχει
818 1589 901 1674 ἤπερ
924 1587 944 1671 ἡ
963 1593 1027 1654 ΕΖ
1050 1591 1134 1676 πρὸς

124 1699 199 1759 ΖΗ.
238 1693 371 1778 ἐδείχθη
392 1691 438 1778 δέ,
461 1693 512 1759 ὅτι
535 1689 614 1758 οὐδὲ
632 1694 691 1758 τὸν
709 1693 825 1759 αὐτόν·
848 1693 949 1777 ἡΑΒ
968 1697 1032 1780 ἄρα
1050 1697 1134 1782 πρὸς

71 1817 104 1866 15
124 1807 153 1866 Β
160 1804 192 1866 Γ
209 1804 341 1886 μείζονα
363 1803 464 1884 λόγον
487 1804 552 1884 ἔχει
574 1802 657 1886 ἥπερ
680 1801 700 1885 ἡ
724 1805 787 1865 ΕΖ
809 1802 893 1888 πρὸς
916 1806 992 1866 ΖΗ.

597 2028 662 2114 κβ’.

176 2159 259 2223 Τον
277 2154 421 2222 δοθέντα
440 2166 549 2222 κῶνον
568 2156 733 2238 σκαληνὸν
751 2166 860 2239 τεμεῖν
883 2156 939 2220 διδι
957 2165 1015 2238 τῆς
1032 2180 1132 2243 κορυ-

123 2274 188 2349 φῆς
207 2262 349 2352 ἐπιπέδῳ
367 2270 520 2328 ποιοῦντι
541 2260 578 2327 έν
595 2270 640 2349 τῳ
659 2261 755 2350 κώνῳ
774 2265 938 2347 τρίγωνον
958 2262 1132 2340 ἰσοσκελές.

189 2373 271 2436 ἔστω
291 2370 309 2436 ὁ
328 2367 442 2445 δοθεὶς
460 2379 566 2444 κῶνος
583 2370 755 2451 σκαληνός,
778 2364 819 2434 οὗ
837 2367 925 2446 ἄξων
942 2365 1003 2453 μὲν
1021 2370 1039 2435 ὁ
1054 2377 1087 2435 Α
1093 2377 1132 2455 Β,

71 2493 105 2543 20
123 2477 219 2562 βάσις
242 2473 278 2542 δέ
301 2476 319 2542 ὁ
339 2479 438 2541 ΓΕΔ
459 2476 587 2560 κύκλος,
610 2471 666 2539 καὶ
689 2472 766 2540 δέον
789 2476 871 2539 ἔστω
891 2487 1000 2560 τεμεῖν
1018 2476 1131 2562 αὐτόν,

123 2585 167 2662 ὡς
190 2581 401 2650 ἐπιτέτακται.

188 2692 361 2774 τετμήσθω
388 2698 521 2774 πρῶτον
548 2688 604 2754 διὰ
631 2696 691 2753 τοῦ
719 2687 836 2766 ἄξονος
862 2697 908 2776 τῷ
931 2692 1036 2753 ΑΓΔ
1064 2689 1132 2756 ε’πι-

121 2795 210 2885 πέδῳ
233 2797 316 2883 πμὸς
338 2795 444 2881 ὀρθὰς
466 2795 538 2861 δντι
565 2803 611 2882 τῷ
636 2797 736 2859 ΓΕΔ
762 2797 888 2882 κύκλῳ,
914 2793 968 2859 καὶ
992 2797 1132 2881 ἤχθωὴ

122 2911 155 2970 Α
160 2909 200 2969 Η
212 2903 363 2985 κάθετος,
384 2901 456 2984 ἥτις
473 2905 584 2966 πίπτει
603 2899 655 2966 ἐπὶ
673 2903 734 2986 τὴν
754 2905 819 2966 ΓΛ
836 2902 935 2985 βάσιν
953 2910 1013 2966 τοῦ
1032 2908 1133 2969 ΑΓΔ

71 3026 104 3074 25
122 2989 303 3098 τριγωνου,
329 3005 385 3072 καὶ
412 3015 451 3092 τῇ
481 3010 546 3072 ΓΔ
575 3008 659 3093 πρὸς
685 3008 792 3093 ὀρθὰς
820 3010 915 3092 ἤχθω
945 3007 980 3073 ἑν
1003 3020 1048 3098 τῷ
1073 3020 1132 3075 τοῦ

121 3119 245 3183 κύκλου
273 3113 415 3203 ἐπιπέδῳ
443 3112 463 3197 ἡ
491 3118 569 3198 ΕΖ,
596 3112 652 3179 καὶ
679 3114 735 3178 διὰ
762 3123 820 3198 τῆς
845 3120 909 3180 ΕΖ
936 3114 992 3180 καὶ
1020 3126 1078 3198 τῆς
1101 3121 1133 3180 Α

121 3233 271 3312 κορυφῆς
307 3210 518 3308 ἐκβεβλήσθω
553 3221 590 3286 τὸ
623 3220 779 3286 ἐπίπεδον
810 3230 931 3286 ποιοῦν
962 3223 999 3286 τὸ
1031 3227 1133 3286 ΑΕΖ

123 3369 333 3376 -,-.---.

72 3388 87 3523 δ
185 3458 208 3505 1,
226 3450 533 3524 απόφπβάπδτῆςμ.
585 3449 689 3520 ΕΖΗ]
702 3451 897 3518 τῆςΕΖ,ΖΗ
903 3467 930 3517 p.
981 3448 1054 3522 ἴσον]
1071 3449 1133 3505 λ’σον

96 3515 193 3587 έατίμ.
245 3524 342 3576 καί-
354 3529 379 3580 2.
394 3522 472 3598 ἴσον]
488 3539 544 3580 om.
556 3538 579 3579 c.
637 3526 663 3576 1.
674 3518 805 3594 τόλτῷῳ.
850 3519 1017 3590 MGMQ.
1059 3520 1138 3591 ἴσονλ
