2430 3854
121 172 185 236 180
438 174 526 225 ΠΕΡΙ
544 172 672 224 mor
690 174 826 227 ΤοιιΗΣ.

596 369 659 438 κς’.

177 492 284 559 Ἔστω
309 497 473 576 τρίγωνον
496 490 600 559 δοθὲν
626 495 663 559 τὸ
687 498 793 560 ΑΒΓ
815 495 981 578 σκαληνὸν
1004 498 1138 578 μείζονα

122 604 198 685 ἔχον
216 602 277 684 τήν
296 605 362 664 ΑΒ
385 608 443 682 τῆς
461 605 494 664 Α
500 603 537 682 Γ,
559 600 580 684 η
604 597 641 665 δὲ
660 604 727 665 ΒΓ
745 601 842 684 βάσις
862 601 1037 685 τετμήσθω
1062 602 1137 684 δίχα

121 707 263 772 κατὰτὸ
287 711 336 790 Δ,
362 704 418 770 καὶ
442 706 570 790 διήχθω
594 706 614 790 ή
637 712 721 791 ΑΛ,
749 705 805 772 καὶ
832 708 852 792 ή
875 705 936 792 μὲν
959 712 1029 772 ΕΔ
1056 708 1138 792 πρὸς

87 825 102 873 ὅ
122 813 229 898 ὀρθάς
247 815 329 878 ἔστω
348 821 387 898 τῇ
407 815 476 877 ΒΓ
489 817 543 895 ἴση
563 808 646 878 οὖσα
664 822 703 899 τῇ
722 819 802 897 ΔΑ,
820 813 841 897 η
860 810 897 878 δὲ
910 819 943 878 A
950 818 977 877 Z
996 813 1138 889 κάθετος

123 918 175 984 ἐπὶ
198 921 259 1002 τήν
278 922 349 983 ΒΓ.
386 922 496 1002 μεῖζον
519 926 578 983 τοῦ
599 922 706 984 ΑΒΓ
724 921 805 985 ἄλλο
828 923 993 1005 τρίγωνον
1018 923 1138 1004 συστή-

122 1032 247 1091 σασθαι
271 1028 332 1111 τήν
355 1025 419 1090 άτιὸ
443 1034 501 1109 τής
523 1034 673 1111 κορυφῆς
700 1023 752 1090 έτιὶ
775 1027 837 1110 τήν
860 1027 1055 1110 διχοτομίαν
1081 1036 1139 1111 της

122 1132 248 1216 βάσεως
267 1137 343 1215 ἴσην
364 1129 500 1217 ἑκατέρᾳ
518 1142 585 1197 τῶν
603 1137 684 1215 ΔΕ,
704 1137 776 1196 ΔΑ
798 1130 853 1197 καὶ
875 1131 1011 1218 προσέτι
1036 1137 1138 1217 λόγον

123 1242 198 1322 ε”χον
230 1239 313 1324 πρὸς
341 1239 379 1304 τὸ
406 1241 521 1321 ΑΒΓ,
554 1237 594 1302 ὃν
621 1236 641 1320 ή
673 1242 702 1302 Θ
732 1240 815 1323 πρὸς
841 1243 881 1303 Η
908 1242 1028 1324 μείζων
1055 1242 1139 1325 πρὸς

71 1357 105 1406 10
124 1346 293 1410 ἐλάττονα·
326 1342 424 1427 ἐχέτω
453 1340 490 1408 δὲ
516 1342 537 1427 ή
568 1347 596 1408 Θ
627 1345 710 1429 πρὸς
738 1348 778 1408 Η
805 1348 905 1426 λόγον
931 1347 976 1430 μή
1005 1349 1139 1429 μείζονα

122 1453 205 1537 ήτιερ
228 1450 248 1534 ή
271 1455 340 1514 ΛΕ
361 1452 443 1535 πρὸς
468 1456 499 1514 Α
507 1455 542 1514 Ζ.

189 1555 314 1645 κέντρῳ
341 1567 386 1641 τῷ
415 1562 462 1640 Δ,
496 1558 691 1640 διαστήματι
719 1553 756 1621 δὲ
782 1566 828 1644 τῷ
855 1563 925 1622 ΔΑ
953 1558 1137 1643 γεγράφθω

123 1665 254 1740 κύκλος·
277 1662 347 1746 ήξει
370 1663 412 1747 δή
434 1660 490 1727 καὶ
513 1664 570 1727 διδι
592 1672 652 1728 τοῦ
675 1668 718 1728 Ε·
742 1666 825 1728 ε”στω
849 1664 891 1747 δή
915 1663 932 1728 ὁ
956 1669 1032 1728 EA.

190 1769 259 1835 ἐπεὶ
286 1766 349 1836 οὖν
376 1770 393 1835 ὁ
422 1778 480 1853 τῆς
509 1774 538 1834 Θ
564 1770 647 1855 πρὸς
670 1774 709 1834 Η
733 1773 830 1852 λόγος
857 1770 898 1834 οὐ
924 1774 1044 1855 μείζων
1068 1771 1138 1837 ἐστὶ

72 1886 105 1936 15
124 1886 183 1942 τοῦ
206 1887 264 1962 τῆς
287 1882 358 1942 ΔΕ
378 1877 461 1962 πρὸς
479 1882 511 1941 Α
518 1881 555 1959 Ζ,
577 1877 651 1958 ήτοι
674 1876 692 1942 δ
716 1876 816 1952 αὐτάς
835 1875 925 1941 ἐστιν
944 1875 963 1959 ή
984 1876 1138 1943 ἐλάττων.

123 2021 334 2029 ..ῳ-...ῳ

197 2111 220 2160 1.
245 2104 304 2176 ις’]
326 2121 346 2173 p
365 2105 394 2157 et
415 2121 452 2157 m.
471 2119 525 2158 ree.
544 2102 578 2171 V,
601 2119 654 2158 om.
674 2103 727 2157 Vc.
765 2101 927 2157 Praemittit
944 2121 975 2172 p:
999 2104 1137 2173 τριγώνου

125 2173 262 2238 δοθέντος
285 2178 424 2249 σκαληνοῦ
446 2174 495 2228 καὶ
519 2173 576 2228 ἀπὸ
601 2182 650 2243 της
672 2181 799 2244 κορυφῇς
821 2173 867 2227 ἐπὶ
894 2174 945 2243 τήν
973 2173 1138 2244 διχοτομέαν

125 2256 174 2317 τῆς
209 2245 315 2318 βάσεως
346 2243 468 2315 ήγμένς
499 2242 614 2306 εὐθείας
650 2243 715 2299 ἄλλο
748 2247 841 2313 μεῖζον
871 2242 1008 2315 τρίγωνον
1040 2246 1138 2314 νοστή-

126 2322 241 2386 σασθαι,
259 2316 327 2371 ὥστε
346 2315 410 2386 ἴσην
426 2265 477 2385 άδν
493 2315 632 2386 ἔχειντὴν
648 2314 729 2387 βάσιν
748 2316 797 2370 καὶ
810 2315 861 2384 τήν
877 2317 934 2370 ἀπὸ
948 2324 998 2386 τῆς
1011 2326 1139 2387 κορυφῆς

126 2390 172 2443 ἐπὶ
186 2389 238 2459 τήν
256 2385 420 2460 διχοτομίαν
438 2395 487 2458 τῆς
500 2386 606 2458 βάσεως
623 2395 656 2458 τῇ
674 2395 724 2442 τοῦ
738 2384 876 2448 δοθέντος
889 2389 1034 2457 τριγώνου,
1053 2387 1138 2456 λόγον

125 2458 157 2515 δὲ
182 2461 255 2532 ἔχειν
277 2459 347 2528 πρὸς
369 2459 400 2514 τὸ
424 2455 514 2513 δοθὲν
536 2455 685 2528 τρίγωνον,
709 2455 742 2512 δν
764 2456 864 2512 εὐθεῖά
881 2478 924 2519 τις
946 2456 1044 2526 μείζων
1068 2460 1139 2527 πρὸς

126 2530 272 2586 ἐλάττονα·
293 2533 338 2585 δεῖ
354 2532 372 2584 δ
378 2530 385 2550 “
408 2528 459 2591 τὰς
471 2529 603 2592 τοιαύτας
616 2525 732 2590 εὐθείας
745 2528 828 2597 λόγον
844 2528 916 2599 ἔχειν
934 2530 1005 2597 πρὸς
1018 2530 1138 2598 ἀλλήλας

126 2551 495 2729 ιιιάινιήάα
508 2600 809 2741 ιαιιικιιν
824 2597 1138 2735 κατάγαιοι·

126 2752 182 2813 φῆς
201 2743 247 2797 ἐπὶ
265 2694 317 2812 τήν
335 2693 418 2814 βάσιν
426 2692 586 2811 ιάιιπτοάσης
599 2692 742 2796 καθέτονδ
777 2692 812 2796 vg,
831 2692 966 2811 vp²iyoevov
985 2693 1137 2814 δδθέν]ρτὸ

126 2811 216 2870 δοθὲν
235 2814 374 2883 σκαληνὸν
391 2811 528 2884 τρίγωνον
545 2831 572 2882 p.
628 2811 778 2884 σκαληνόν]
797 2830 851 2868 om.
865 2831 892 2882 p.
950 2818 974 2867 3.
994 2814 1066 2885 AF]
1086 2818 1141 2867 ΒΓ

127 2886 208 3010 θοή,
228 2902 297 2940 corr.
313 2884 416 2939 Comm.
484 2884 502 2954 ἡ
521 2880 553 2938 δὲ
568 2886 624 2937 ΒΓ
633 2881 724 2955 βάσις]
739 2881 789 2938 καί
801 2902 828 2953 p.
898 2885 964 2955 ΒΓ]
981 2889 1002 2937 Β
1017 2901 1098 2939 euan.
1114 2902 1136 2938 ο.

163 2959 239 3028 δχα]
258 2957 275 3026 ἡ
291 2959 346 3009 ΒΓ
360 2954 441 3026 βάσις
454 2952 519 3026 δίχα
533 2972 560 3024 p.
632 2961 658 3009 4.
678 2957 729 3010 καί
738 2954 821 3026 (alm
840 2971 892 3009 om.
908 2973 935 3023 p.
1003 2953 1088 3024 ἠμέν
1102 2989 1138 2996 -

127 3035 151 3082 6.
171 3027 373 3098 συστήσασθαι]
396 3025 476 3097 ήχθω
498 3023 529 3080 δὲ
548 3025 604 3080 ἀπὸ
623 3031 712 3080 τοῦΑ
736 3026 785 3079 καὶ
805 3023 927 3088 κάθετος
949 3025 996 3079 ἐπὶ
1013 3027 1065 3095 τὴν
1085 3032 1142 3081 ΒΓ

126 3097 209 3171 βάσιν
227 3100 244 3168 ἡ
264 3102 327 3166 ΑΖ,
350 3097 400 3153 καὶ
418 3093 484 3151 δέον
505 3095 570 3151 ἔστω
594 3095 659 3150 ἄλλο
680 3099 774 3165 μεῖζον
792 3094 927 3166 τρίγωνον
946 3097 1138 3164 συστήσασθαι

127 3171 174 3225 ἐπὶ
191 3179 240 3240 τῆς
254 3173 310 3224 ΒΓ
323 3187 351 3239 p.
407 3172 431 3223 8.
447 3165 612 3241 ἑκατέρᾳ-
627 3168 693 3257 ΔΑ]
712 3167 776 3239 έχον
793 3177 827 3240 τῇ
841 3172 894 3221 ΑΔ
911 3185 938 3237 p.
995 3175 1018 3222 9.
1038 3171 1137 3240 ΑΒΓ]

127 3245 211 3296 ΑΒΓ
225 3239 362 3311 τρίγωνον
379 3257 406 3309 p.
487 3241 512 3293 Θ
530 3269 564 3278 -
584 3243 624 3292 10.
646 3237 790 3310 ἐλάττονα]
812 3241 837 3294 Θ
854 3236 953 3306 μείζων
972 3239 1042 3307 πρὸς
1060 3239 1137 3293 ἐλάτ-

127 3332 198 3368 τονα
217 3313 269 3382 τήν
288 3315 318 3365 Η
333 3329 360 3381 p.
421 3314 462 3364 10.
483 3310 526 3382 H]
545 3309 596 3378 τήν
616 3312 645 3362 Η
660 3327 687 3379 p.
751 3315 793 3363 11.
812 3309 896 3380 ήτερ]
914 3318 964 3364 τοῦ
983 3308 1017 3365 δν
1038 3310 1093 3398 έγει
1110 3329 1137 3380 p.

164 3384 236 3455 ΔΕ]
260 3388 312 3437 ΔΑ
330 3400 357 3452 p.
430 3381 497 3454 AZ]
522 3397 590 3436 corr.
610 3395 644 3434 ex
663 3383 744 3435 ΔΑΖ
761 3398 798 3435 m.
818 3386 832 3434 1
853 3397 875 3434 ο.
958 3386 999 3434 12.
1019 3383 1137 3455 κεντρῳ]

122 3455 206 3525 η”γθω
223 3453 282 3508 aab
301 3462 352 3509 τοῦ
365 3459 393 3510 Δ
410 3452 480 3523 πρὸς
498 3450 589 3522 ὀρθάς
606 3451 695 3522 ἡΔΕ
713 3451 761 3506 καὶ
779 3448 883 3520 κέντρα
901 3470 928 3521 p.
983 3449 1088 3520 κέντρα
1103 3486 1137 3495 -

72 3527 180 3624 [Ad]
205 3543 259 3582 om.
291 3543 313 3584 ο,
430 3523 591 3602 γεγράφθω
614 3557 650 3566 -
673 3528 718 3581 13.
742 3524 815 3596 EA}
843 3507 945 3576 κδκδοο
975 3509 1138 3589 περιφέρεια
