<?xml version="1.0" encoding="UTF-8"?>
<!DOCTYPE html PUBLIC "-//W3C//DTD XHTML 1.0 Transitional//EN"
    "http://www.w3.org/TR/xhtml1/DTD/xhtml1-transitional.dtd">
<html xmlns="http://www.w3.org/1999/xhtml" xml:lang="en" lang="en">
 <head>
  <title>
</title>
<meta http-equiv="Content-Type" content="text/html;charset=utf-8" />
  <meta name='ocr-system' content='tesseract 3.04.00' />
  <meta name='ocr-capabilities' content='ocr_page ocr_carea ocr_par ocr_line ocrx_word'/>
</head>
<body>
  <div class='ocr_page' id='page_1' title='image "./sereniantinoens01heibgoog_0283.png"; bbox 0 0 2430 3854; ppageno 0'>
   <div class='ocr_carea' id='block_1_1' title="bbox 139 130 837 197">
    <p class='ocr_par' dir='ltr' id='par_1_1' title="bbox 139 130 837 197">
     <span class='ocr_line' id='line_1_1' title="bbox 139 130 837 197; baseline -0.023 0"><span class='ocrx_word' id='word_1_1' title='bbox 139 133 203 197; x_wconf 77' lang='lat'><strong><em>258</em></strong></span> <span class='ocrx_word' id='word_1_2' title='bbox 447 133 536 183; x_wconf 73' lang='grc' dir='ltr'><strong>ΠΕΡΙ</strong></span> <span class='ocrx_word' id='word_1_3' title='bbox 553 130 683 184; x_wconf 65' lang='grc' dir='ltr'><strong><em>Κασίου</em></strong></span> <span class='ocrx_word' id='word_1_4' title='bbox 700 131 837 182; x_wconf 76' lang='grc' dir='ltr'><strong><em>ΤοΜΗΣ.</em></strong></span> 
     </span>
    </p>
   </div>
   <div class='ocr_carea' id='block_1_2' title="bbox 75 271 1152 2805">
    <p class='ocr_par' dir='ltr' id='par_1_2' title="bbox 75 271 1152 2805">
     <span class='ocr_line' id='line_1_2' title="bbox 138 271 1150 360; baseline -0.006 -17"><span class='ocrx_word' id='word_1_5' title='bbox 138 282 253 343; x_wconf 87' lang='grc' dir='ltr'><em>ΒΔΕ·</em></span> <span class='ocrx_word' id='word_1_6' title='bbox 265 272 514 360; x_wconf 83' lang='grc' dir='ltr'><strong><em>συναμφοτέρος</em></strong></span> <span class='ocrx_word' id='word_1_7' title='bbox 522 272 613 359; x_wconf 81' lang='grc' dir='ltr'><strong><em>όίραὴ</em></strong></span> <span class='ocrx_word' id='word_1_8' title='bbox 624 273 689 338; x_wconf 88' lang='grc' dir='ltr'><strong><em>ὑπὸ</em></strong></span> <span class='ocrx_word' id='word_1_9' title='bbox 695 277 758 337; x_wconf 87' lang='grc' dir='ltr'><strong><em>ΒΔ</em></strong></span> <span class='ocrx_word' id='word_1_10' title='bbox 762 277 802 356; x_wconf 84' lang='grc' dir='ltr'><strong><em>Ε,</em></strong></span> <span class='ocrx_word' id='word_1_11' title='bbox 808 276 903 337; x_wconf 83' lang='grc' dir='ltr'><em>ΒΔΑ</em></span> <span class='ocrx_word' id='word_1_12' title='bbox 910 271 1150 360; x_wconf 77' lang='grc' dir='ltr'><strong><em>συναμφοτέρῳ</em></strong></span> 
     </span>
     <span class='ocr_line' id='line_1_3' title="bbox 137 377 1150 469; baseline -0.006 -21"><span class='ocrx_word' id='word_1_13' title='bbox 137 393 177 469; x_wconf 76' lang='grc' dir='ltr'><strong><em>τῇ</em></strong></span> <span class='ocrx_word' id='word_1_14' title='bbox 195 382 261 448; x_wconf 85' lang='grc' dir='ltr'><strong><em>ὑπὸ</em></strong></span> <span class='ocrx_word' id='word_1_15' title='bbox 276 387 392 466; x_wconf 81' lang='grc' dir='ltr'><em>ΒΔΕ,</em></span> <span class='ocrx_word' id='word_1_16' title='bbox 407 384 515 446; x_wconf 87' lang='grc' dir='ltr'><strong><em>ΒΑΓ</em></strong></span> <span class='ocrx_word' id='word_1_17' title='bbox 528 380 619 445; x_wconf 79' lang='grc' dir='ltr'><strong><em>ἐστιν</em></strong></span> <span class='ocrx_word' id='word_1_18' title='bbox 639 385 702 463; x_wconf 92' lang='grc' dir='ltr'><strong><em>ἴση.</em></strong></span> <span class='ocrx_word' id='word_1_19' title='bbox 738 383 796 444; x_wconf 85' lang='grc' dir='ltr'><strong><em>καί</em></strong></span> <span class='ocrx_word' id='word_1_20' title='bbox 813 377 882 444; x_wconf 80' lang='grc' dir='ltr'><strong><em>ἐστι</em></strong></span> <span class='ocrx_word' id='word_1_21' title='bbox 900 382 1150 464; x_wconf 78' lang='grc' dir='ltr'><strong><em>συναμφότερος</em></strong></span> 
     </span>
     <span class='ocr_line' id='line_1_4' title="bbox 137 483 1148 572; baseline -0.005 -18"><span class='ocrx_word' id='word_1_22' title='bbox 137 489 157 572; x_wconf 82' lang='grc' dir='ltr'><em>ἡ</em></span> <span class='ocrx_word' id='word_1_23' title='bbox 185 489 250 554; x_wconf 86' lang='grc' dir='ltr'><strong><em>ὑπὸ</em></strong></span> <span class='ocrx_word' id='word_1_24' title='bbox 277 492 395 572; x_wconf 83' lang='grc' dir='ltr'><em>ΒΔΕ,</em></span> <span class='ocrx_word' id='word_1_25' title='bbox 423 492 528 553; x_wconf 87' lang='grc' dir='ltr'><em>ΒΔΑ</em></span> <span class='ocrx_word' id='word_1_26' title='bbox 556 484 655 552; x_wconf 79' lang='grc' dir='ltr'><strong><em>όνσῖν</em></strong></span> <span class='ocrx_word' id='word_1_27' title='bbox 686 485 806 572; x_wconf 86' lang='grc' dir='ltr'><strong><em>όρθαῖς</em></strong></span> <span class='ocrx_word' id='word_1_28' title='bbox 834 491 902 568; x_wconf 93' lang='grc' dir='ltr'><strong><em>ἴση·</em></strong></span> <span class='ocrx_word' id='word_1_29' title='bbox 939 483 994 549; x_wconf 87' lang='grc' dir='ltr'><strong><em>καῖ</em></strong></span> <span class='ocrx_word' id='word_1_30' title='bbox 1010 488 1012 491; x_wconf 67' lang='grc'>’</span> <span class='ocrx_word' id='word_1_31' title='bbox 1028 503 1148 570; x_wconf 92' lang='grc' dir='ltr'><strong><em>συναμ-</em></strong></span> 
     </span>
     <span class='ocr_line' id='line_1_5' title="bbox 139 589 1148 682; baseline -0.005 -21"><span class='ocrx_word' id='word_1_32' title='bbox 139 599 280 682; x_wconf 89' lang='grc' dir='ltr'><strong><em>φότερος</em></strong></span> <span class='ocrx_word' id='word_1_33' title='bbox 307 596 371 680; x_wconf 80' lang='grc' dir='ltr'><strong><em>ἄρα</em></strong></span> <span class='ocrx_word' id='word_1_34' title='bbox 394 593 413 676; x_wconf 80' lang='grc' dir='ltr'><em>ἡ</em></span> <span class='ocrx_word' id='word_1_35' title='bbox 436 593 502 659; x_wconf 85' lang='grc' dir='ltr'><strong><em>ὑπὸ</em></strong></span> <span class='ocrx_word' id='word_1_36' title='bbox 526 597 641 675; x_wconf 81' lang='grc' dir='ltr'><em>ΒΔΕ,</em></span> <span class='ocrx_word' id='word_1_37' title='bbox 670 594 775 656; x_wconf 90' lang='grc' dir='ltr'><strong><em>ΒΑΓ</em></strong></span> <span class='ocrx_word' id='word_1_38' title='bbox 793 589 893 656; x_wconf 74' lang='grc' dir='ltr'><strong><em>δυσίν</em></strong></span> <span class='ocrx_word' id='word_1_39' title='bbox 915 589 1038 677; x_wconf 83' lang='grc' dir='ltr'><strong><em>ὀρθαῖς</em></strong></span> <span class='ocrx_word' id='word_1_40' title='bbox 1060 592 1148 657; x_wconf 82' lang='grc' dir='ltr'><strong><em>ἐστιν</em></strong></span> 
     </span>
     <span class='ocr_line' id='line_1_6' title="bbox 101 697 1152 785; baseline -0.001 -23"><span class='ocrx_word' id='word_1_41' title='bbox 101 707 201 784; x_wconf 73' lang='grc' dir='ltr'><strong><em>σῖση.</em></strong></span> <span class='ocrx_word' id='word_1_42' title='bbox 246 703 316 766; x_wconf 81' lang='grc' dir='ltr'><strong><em>ἔστι</em></strong></span> <span class='ocrx_word' id='word_1_43' title='bbox 343 697 380 765; x_wconf 75' lang='grc' dir='ltr'><strong><em>δὲ</em></strong></span> <span class='ocrx_word' id='word_1_44' title='bbox 405 697 463 765; x_wconf 85' lang='grc' dir='ltr'><strong><em>καῖ</em></strong></span> <span class='ocrx_word' id='word_1_45' title='bbox 490 702 739 785; x_wconf 78' lang='grc' dir='ltr'><strong><em>συναμφότερος</em></strong></span> <span class='ocrx_word' id='word_1_46' title='bbox 766 698 787 782; x_wconf 78' lang='grc' dir='ltr'><em>ἡ</em></span> <span class='ocrx_word' id='word_1_47' title='bbox 816 697 880 762; x_wconf 84' lang='grc' dir='ltr'><strong><em>ὑπὸ</em></strong></span> <span class='ocrx_word' id='word_1_48' title='bbox 905 701 1021 781; x_wconf 79' lang='grc' dir='ltr'><em>ΒΔΓ,</em></span> <span class='ocrx_word' id='word_1_49' title='bbox 1049 701 1152 762; x_wconf 89' lang='grc' dir='ltr'><em>ΒΑΓ</em></span> 
     </span>
     <span class='ocr_line' id='line_1_7' title="bbox 136 803 1147 894; baseline -0.004 -22"><span class='ocrx_word' id='word_1_50' title='bbox 136 806 236 874; x_wconf 74' lang='grc' dir='ltr'><strong><em>δυσίν</em></strong></span> <span class='ocrx_word' id='word_1_51' title='bbox 268 806 388 894; x_wconf 85' lang='grc' dir='ltr'><strong><em>όρθαῖς</em></strong></span> <span class='ocrx_word' id='word_1_52' title='bbox 420 812 488 890; x_wconf 90' lang='grc' dir='ltr'><strong><em>ἴση·</em></strong></span> <span class='ocrx_word' id='word_1_53' title='bbox 522 808 771 891; x_wconf 80' lang='grc' dir='ltr'><strong><em>συναμφότερος</em></strong></span> <span class='ocrx_word' id='word_1_54' title='bbox 799 806 863 891; x_wconf 74' lang='grc' dir='ltr'><strong><em>ἄρα</em></strong></span> <span class='ocrx_word' id='word_1_55' title='bbox 890 803 909 886; x_wconf 80' lang='grc' dir='ltr'><em>ἡ</em></span> <span class='ocrx_word' id='word_1_56' title='bbox 938 804 1003 869; x_wconf 85' lang='grc' dir='ltr'><strong><em>ὑπὸ</em></strong></span> <span class='ocrx_word' id='word_1_57' title='bbox 1033 809 1147 887; x_wconf 79' lang='grc' dir='ltr'><em>ΒΔΕ,</em></span> 
     </span>
     <span class='ocr_line' id='line_1_8' title="bbox 135 910 1146 1000; baseline -0.006 -20"><span class='ocrx_word' id='word_1_58' title='bbox 135 918 241 980; x_wconf 88' lang='grc' dir='ltr'><strong><em>ΒΑΓ</em></strong></span> <span class='ocrx_word' id='word_1_59' title='bbox 269 910 508 1000; x_wconf 79' lang='grc' dir='ltr'><strong><em>συναμφοτέρῳ</em></strong></span> <span class='ocrx_word' id='word_1_60' title='bbox 541 921 579 997; x_wconf 77' lang='grc' dir='ltr'><strong><em>τῇ</em></strong></span> <span class='ocrx_word' id='word_1_61' title='bbox 612 911 676 977; x_wconf 85' lang='grc' dir='ltr'><strong><em>ὑπὸ</em></strong></span> <span class='ocrx_word' id='word_1_62' title='bbox 705 915 772 975; x_wconf 88' lang='grc' dir='ltr'><strong><em>ΒΛ</em></strong></span> <span class='ocrx_word' id='word_1_63' title='bbox 779 913 820 995; x_wconf 83' lang='grc' dir='ltr'><strong><em>Γ,</em></strong></span> <span class='ocrx_word' id='word_1_64' title='bbox 852 914 957 976; x_wconf 90' lang='grc' dir='ltr'><strong><em>ΒΑΓ</em></strong></span> <span class='ocrx_word' id='word_1_65' title='bbox 985 917 1040 993; x_wconf 92' lang='grc' dir='ltr'><strong><em>ἴση</em></strong></span> <span class='ocrx_word' id='word_1_66' title='bbox 1071 911 1146 975; x_wconf 84' lang='grc' dir='ltr'><strong><em>ἐστί.</em></strong></span> 
     </span>
     <span class='ocr_line' id='line_1_9' title="bbox 134 1016 1146 1113; baseline -0.005 -27"><span class='ocrx_word' id='word_1_67' title='bbox 134 1030 248 1113; x_wconf 77' lang='grc' dir='ltr'><strong><em>κοινῇς</em></strong></span> <span class='ocrx_word' id='word_1_68' title='bbox 271 1020 431 1108; x_wconf 78' lang='grc' dir='ltr'><strong><em>ἀρθείσης</em></strong></span> <span class='ocrx_word' id='word_1_69' title='bbox 453 1028 511 1103; x_wconf 80' lang='grc' dir='ltr'><strong><em>τῆς</em></strong></span> <span class='ocrx_word' id='word_1_70' title='bbox 533 1018 599 1084; x_wconf 85' lang='grc' dir='ltr'><strong><em>ὑπὸ</em></strong></span> <span class='ocrx_word' id='word_1_71' title='bbox 618 1020 724 1083; x_wconf 89' lang='grc' dir='ltr'><strong><em>ΒΑΓ</em></strong></span> <span class='ocrx_word' id='word_1_72' title='bbox 742 1019 839 1101; x_wconf 76' lang='grc' dir='ltr'><strong><em>λοιπὴ</em></strong></span> <span class='ocrx_word' id='word_1_73' title='bbox 863 1016 883 1100; x_wconf 77' lang='grc' dir='ltr'><strong><em>η</em></strong></span> <span class='ocrx_word' id='word_1_74' title='bbox 904 1017 969 1082; x_wconf 84' lang='grc' dir='ltr'><strong><em>ὑπὸ</em></strong></span> <span class='ocrx_word' id='word_1_75' title='bbox 990 1021 1094 1082; x_wconf 84' lang='grc' dir='ltr'><em>ΒΑΕ</em></span> <span class='ocrx_word' id='word_1_76' title='bbox 1110 1027 1146 1102; x_wconf 75' lang='grc' dir='ltr'><strong><em>τη</em></strong></span> 
     </span>
     <span class='ocr_line' id='line_1_10' title="bbox 134 1119 1147 1210; baseline -0.004 -18"><span class='ocrx_word' id='word_1_77' title='bbox 134 1127 198 1192; x_wconf 84' lang='grc' dir='ltr'><strong><em>ὑπὸ</em></strong></span> <span class='ocrx_word' id='word_1_78' title='bbox 218 1130 325 1192; x_wconf 83' lang='grc' dir='ltr'><em>ΒΑΓ</em></span> <span class='ocrx_word' id='word_1_79' title='bbox 343 1133 397 1210; x_wconf 94' lang='grc' dir='ltr'><strong><em>ἴση</em></strong></span> <span class='ocrx_word' id='word_1_80' title='bbox 421 1125 519 1192; x_wconf 77' lang='grc' dir='ltr'><strong><em>ἐστίν.</em></strong></span> <span class='ocrx_word' id='word_1_81' title='bbox 558 1123 627 1190; x_wconf 81' lang='grc' dir='ltr'><strong><em>ἐπεὶ</em></strong></span> <span class='ocrx_word' id='word_1_82' title='bbox 650 1119 712 1190; x_wconf 83' lang='grc' dir='ltr'><strong><em>οὖν</em></strong></span> <span class='ocrx_word' id='word_1_83' title='bbox 732 1130 786 1207; x_wconf 90' lang='grc' dir='ltr'><strong><em>ἴση</em></strong></span> <span class='ocrx_word' id='word_1_84' title='bbox 804 1120 865 1208; x_wconf 72' lang='grc' dir='ltr'><strong><em>μὲν</em></strong></span> <span class='ocrx_word' id='word_1_85' title='bbox 884 1122 904 1206; x_wconf 76' lang='grc' dir='ltr'><em>ἡ</em></span> <span class='ocrx_word' id='word_1_86' title='bbox 924 1127 990 1188; x_wconf 88' lang='grc' dir='ltr'><strong><em>ΓΔ</em></strong></span> <span class='ocrx_word' id='word_1_87' title='bbox 1008 1135 1048 1210; x_wconf 80' lang='grc' dir='ltr'><strong><em>τῇ</em></strong></span> <span class='ocrx_word' id='word_1_88' title='bbox 1067 1129 1147 1207; x_wconf 75' lang='grc' dir='ltr'><strong><em>ΔΕ,</em></strong></span> 
     </span>
     <span class='ocr_line' id='line_1_11' title="bbox 84 1228 1145 1318; baseline 0.001 -25"><span class='ocrx_word' id='word_1_89' title='bbox 84 1245 117 1295; x_wconf 87' lang='grc'><strong><em>10</em></strong></span> <span class='ocrx_word' id='word_1_90' title='bbox 136 1235 231 1318; x_wconf 82' lang='grc' dir='ltr'><strong><em>κοινη</em></strong></span> <span class='ocrx_word' id='word_1_91' title='bbox 255 1231 292 1298; x_wconf 75' lang='grc' dir='ltr'><strong><em>δὲ</em></strong></span> <span class='ocrx_word' id='word_1_92' title='bbox 315 1233 438 1317; x_wconf 80' lang='grc' dir='ltr'><strong><em>ηΒΔ,</em></strong></span> <span class='ocrx_word' id='word_1_93' title='bbox 461 1228 614 1316; x_wconf 80' lang='grc' dir='ltr'><strong><em>καὶπερὶ</em></strong></span> <span class='ocrx_word' id='word_1_94' title='bbox 639 1237 712 1308; x_wconf 90' lang='grc' dir='ltr'><strong><em>ἴσας</em></strong></span> <span class='ocrx_word' id='word_1_95' title='bbox 734 1234 867 1314; x_wconf 81' lang='grc' dir='ltr'><strong><em>γωνίας,</em></strong></span> <span class='ocrx_word' id='word_1_96' title='bbox 890 1229 946 1295; x_wconf 86' lang='grc' dir='ltr'><strong><em>καῖ</em></strong></span> <span class='ocrx_word' id='word_1_97' title='bbox 968 1230 1066 1314; x_wconf 79' lang='grc' dir='ltr'><strong><em>βάσις</em></strong></span> <span class='ocrx_word' id='word_1_98' title='bbox 1086 1233 1145 1316; x_wconf 77' lang='grc' dir='ltr'><strong><em>ἄρα</em></strong></span> 
     </span>
     <span class='ocr_line' id='line_1_12' title="bbox 134 1334 1145 1424; baseline -0.004 -20"><span class='ocrx_word' id='word_1_99' title='bbox 134 1339 154 1422; x_wconf 79' lang='grc' dir='ltr'><em>ἡ</em></span> <span class='ocrx_word' id='word_1_100' title='bbox 175 1342 237 1404; x_wconf 96' lang='grc' dir='ltr'><strong><em>ΓΒ</em></strong></span> <span class='ocrx_word' id='word_1_101' title='bbox 260 1348 300 1424; x_wconf 77' lang='grc' dir='ltr'><strong><em>τη</em></strong></span> <span class='ocrx_word' id='word_1_102' title='bbox 319 1344 384 1403; x_wconf 89' lang='grc' dir='ltr'><strong><em>ΒΕ</em></strong></span> <span class='ocrx_word' id='word_1_103' title='bbox 406 1337 496 1403; x_wconf 79' lang='grc' dir='ltr'><strong><em>ἐστιν</em></strong></span> <span class='ocrx_word' id='word_1_104' title='bbox 520 1343 583 1420; x_wconf 89' lang='grc' dir='ltr'><strong><em>ἴση.</em></strong></span> <span class='ocrx_word' id='word_1_105' title='bbox 619 1334 674 1402; x_wconf 84' lang='grc' dir='ltr'><strong><em>καῖ</em></strong></span> <span class='ocrx_word' id='word_1_106' title='bbox 694 1335 763 1402; x_wconf 81' lang='grc' dir='ltr'><strong><em>ἐπεὶ</em></strong></span> <span class='ocrx_word' id='word_1_107' title='bbox 782 1338 819 1401; x_wconf 85' lang='grc' dir='ltr'><strong><em>αἴ</em></strong></span> <span class='ocrx_word' id='word_1_108' title='bbox 835 1341 915 1420; x_wconf 79' lang='grc' dir='ltr'><em>ΑΒ,</em></span> <span class='ocrx_word' id='word_1_109' title='bbox 935 1341 1001 1400; x_wconf 89' lang='grc' dir='ltr'><strong><em>ΒΕ</em></strong></span> <span class='ocrx_word' id='word_1_110' title='bbox 1018 1337 1145 1402; x_wconf 81' lang='grc' dir='ltr'><strong><em>εὐθεῖαι</em></strong></span> 
     </span>
     <span class='ocr_line' id='line_1_13' title="bbox 135 1440 1144 1530; baseline -0.002 -20"><span class='ocrx_word' id='word_1_111' title='bbox 135 1443 280 1530; x_wconf 78' lang='grc' dir='ltr'><strong><em>μείζονές</em></strong></span> <span class='ocrx_word' id='word_1_112' title='bbox 303 1447 367 1510; x_wconf 88' lang='grc' dir='ltr'><strong><em>εἴσι</em></strong></span> <span class='ocrx_word' id='word_1_113' title='bbox 389 1453 447 1527; x_wconf 83' lang='grc' dir='ltr'><strong><em>τῆς</em></strong></span> <span class='ocrx_word' id='word_1_114' title='bbox 465 1449 546 1527; x_wconf 84' lang='grc' dir='ltr'><em>ΑΒ,</em></span> <span class='ocrx_word' id='word_1_115' title='bbox 570 1443 653 1508; x_wconf 75' lang='grc' dir='ltr'><em>ἀλλὰ</em></span> <span class='ocrx_word' id='word_1_116' title='bbox 672 1454 743 1519; x_wconf 77' lang='grc' dir='ltr'><strong><em>ταῖς</em></strong></span> <span class='ocrx_word' id='word_1_117' title='bbox 760 1440 820 1527; x_wconf 77' lang='grc' dir='ltr'><strong><em>μὲν</em></strong></span> <span class='ocrx_word' id='word_1_118' title='bbox 839 1447 919 1525; x_wconf 82' lang='grc' dir='ltr'><em>ΑΒ,</em></span> <span class='ocrx_word' id='word_1_119' title='bbox 939 1447 1005 1507; x_wconf 88' lang='grc' dir='ltr'><strong><em>ΒΕ</em></strong></span> <span class='ocrx_word' id='word_1_120' title='bbox 1023 1460 1144 1528; x_wconf 90' lang='grc' dir='ltr'><strong><em>συναμ-</em></strong></span> 
     </span>
     <span class='ocr_line' id='line_1_14' title="bbox 133 1546 1145 1642; baseline -0.001 -26"><span class='ocrx_word' id='word_1_121' title='bbox 133 1554 274 1636; x_wconf 85' lang='grc' dir='ltr'><strong><em>φότερος</em></strong></span> <span class='ocrx_word' id='word_1_122' title='bbox 301 1551 320 1634; x_wconf 82' lang='grc' dir='ltr'><em>ἡ</em></span> <span class='ocrx_word' id='word_1_123' title='bbox 348 1553 455 1642; x_wconf 89' lang='grc' dir='ltr'><strong><em>ΑΒΓ</em></strong></span> <span class='ocrx_word' id='word_1_124' title='bbox 477 1556 530 1633; x_wconf 91' lang='grc' dir='ltr'><strong><em>ἴση</em></strong></span> <span class='ocrx_word' id='word_1_125' title='bbox 562 1549 645 1634; x_wconf 77' lang='grc' dir='ltr'><strong><em>ἐστί,</em></strong></span> <span class='ocrx_word' id='word_1_126' title='bbox 673 1559 713 1635; x_wconf 80' lang='grc' dir='ltr'><strong><em>τη</em></strong></span> <span class='ocrx_word' id='word_1_127' title='bbox 740 1546 778 1614; x_wconf 69' lang='grc' dir='ltr'><strong><em>δὲ</em></strong></span> <span class='ocrx_word' id='word_1_128' title='bbox 800 1554 870 1615; x_wconf 93' lang='grc' dir='ltr'><em>ΑΕ</em></span> <span class='ocrx_word' id='word_1_129' title='bbox 895 1553 1145 1636; x_wconf 88' lang='grc' dir='ltr'><strong><em>συναμφότερος</em></strong></span> 
     </span>
     <span class='ocr_line' id='line_1_15' title="bbox 133 1655 1144 1742; baseline 0.001 -21"><span class='ocrx_word' id='word_1_130' title='bbox 133 1656 152 1739; x_wconf 80' lang='grc' dir='ltr'><em>ἡ</em></span> <span class='ocrx_word' id='word_1_131' title='bbox 177 1662 248 1721; x_wconf 87' lang='grc' dir='ltr'><em>ΑΔ</em></span> <span class='ocrx_word' id='word_1_132' title='bbox 255 1660 286 1721; x_wconf 95' lang='grc' dir='ltr'><em>Γ</em></span> <span class='ocrx_word' id='word_1_133' title='bbox 305 1663 359 1741; x_wconf 94' lang='grc' dir='ltr'><strong><em>ἴση</em></strong></span> <span class='ocrx_word' id='word_1_134' title='bbox 383 1656 462 1739; x_wconf 80' lang='grc' dir='ltr'><strong><em>ἐστί,</em></strong></span> <span class='ocrx_word' id='word_1_135' title='bbox 484 1655 540 1722; x_wconf 83' lang='grc' dir='ltr'><strong><em>καῖ</em></strong></span> <span class='ocrx_word' id='word_1_136' title='bbox 563 1660 812 1742; x_wconf 87' lang='grc' dir='ltr'><strong><em>συναμφότερος</em></strong></span> <span class='ocrx_word' id='word_1_137' title='bbox 834 1658 898 1741; x_wconf 80' lang='grc' dir='ltr'><strong><em>ἄρα</em></strong></span> <span class='ocrx_word' id='word_1_138' title='bbox 920 1655 940 1739; x_wconf 80' lang='grc' dir='ltr'><em>ἡ</em></span> <span class='ocrx_word' id='word_1_139' title='bbox 965 1660 1072 1722; x_wconf 91' lang='grc' dir='ltr'><strong><em>ΑΒΓ</em></strong></span> <span class='ocrx_word' id='word_1_140' title='bbox 1089 1667 1144 1741; x_wconf 80' lang='grc' dir='ltr'><strong><em>τῆς</em></strong></span> 
     </span>
     <span class='ocr_line' id='line_1_16' title="bbox 79 1759 1144 1848; baseline 0.004 -24"><span class='ocrx_word' id='word_1_141' title='bbox 79 1776 112 1824; x_wconf 83' lang='lat'><strong><em>15</em></strong></span> <span class='ocrx_word' id='word_1_142' title='bbox 131 1769 202 1828; x_wconf 87' lang='grc' dir='ltr'><em>ΑΔ</em></span> <span class='ocrx_word' id='word_1_143' title='bbox 209 1767 242 1829; x_wconf 99' lang='grc' dir='ltr'><em>Γ</em></span> <span class='ocrx_word' id='word_1_144' title='bbox 267 1767 385 1848; x_wconf 78' lang='grc' dir='ltr'><strong><em>μείζων</em></strong></span> <span class='ocrx_word' id='word_1_145' title='bbox 417 1763 515 1830; x_wconf 80' lang='grc' dir='ltr'><strong><em>ἐστίν.</em></strong></span> <span class='ocrx_word' id='word_1_146' title='bbox 571 1762 693 1847; x_wconf 84' lang='grc' dir='ltr'><strong><em>ὁμοίως</em></strong></span> <span class='ocrx_word' id='word_1_147' title='bbox 725 1759 762 1828; x_wconf 73' lang='grc' dir='ltr'><strong><em>δὲ</em></strong></span> <span class='ocrx_word' id='word_1_148' title='bbox 791 1764 962 1828; x_wconf 73' lang='grc' dir='ltr'><strong><em>δείκνυται</em></strong></span> <span class='ocrx_word' id='word_1_149' title='bbox 993 1762 1049 1828; x_wconf 86' lang='grc' dir='ltr'><strong><em>καῖ</em></strong></span> <span class='ocrx_word' id='word_1_150' title='bbox 1080 1775 1144 1828; x_wconf 84' lang='grc' dir='ltr'><strong><em>τῶν</em></strong></span> 
     </span>
     <span class='ocr_line' id='line_1_17' title="bbox 132 1869 1144 1957; baseline 0.001 -23"><span class='ocrx_word' id='word_1_151' title='bbox 132 1872 243 1936; x_wconf 80' lang='grc' dir='ltr'><strong><em>ἄλλων</em></strong></span> <span class='ocrx_word' id='word_1_152' title='bbox 279 1873 406 1955; x_wconf 83' lang='grc' dir='ltr'><strong><em>μείζων.</em></strong></span> <span class='ocrx_word' id='word_1_153' title='bbox 462 1872 713 1956; x_wconf 89' lang='grc' dir='ltr'><strong><em>συναμφότερος</em></strong></span> <span class='ocrx_word' id='word_1_154' title='bbox 749 1871 812 1957; x_wconf 78' lang='grc' dir='ltr'><strong><em>ἄρα</em></strong></span> <span class='ocrx_word' id='word_1_155' title='bbox 844 1869 864 1951; x_wconf 79' lang='grc' dir='ltr'><em>ἡ</em></span> <span class='ocrx_word' id='word_1_156' title='bbox 896 1872 1002 1934; x_wconf 91' lang='grc' dir='ltr'><strong><em>ΑΒΓ</em></strong></span> <span class='ocrx_word' id='word_1_157' title='bbox 1029 1883 1144 1935; x_wconf 83' lang='grc' dir='ltr'><strong><em>πασῶν</em></strong></span> 
     </span>
     <span class='ocr_line' id='line_1_18' title="bbox 131 1973 972 2065; baseline -0.002 -24"><span class='ocrx_word' id='word_1_158' title='bbox 131 1988 198 2041; x_wconf 81' lang='grc' dir='ltr'><strong><em>τῶν</em></strong></span> <span class='ocrx_word' id='word_1_159' title='bbox 222 1977 258 2043; x_wconf 77' lang='grc' dir='ltr'><strong><em>ἐν</em></strong></span> <span class='ocrx_word' id='word_1_160' title='bbox 281 1987 327 2065; x_wconf 73' lang='grc' dir='ltr'><strong><em>τῷ</em></strong></span> <span class='ocrx_word' id='word_1_161' title='bbox 350 1979 491 2061; x_wconf 82' lang='grc' dir='ltr'><strong><em>τμηματι</em></strong></span> <span class='ocrx_word' id='word_1_162' title='bbox 514 1973 692 2059; x_wconf 81' lang='grc' dir='ltr'><strong><em>κλωμίνοιν</em></strong></span> <span class='ocrx_word' id='word_1_163' title='bbox 715 1978 850 2060; x_wconf 84' lang='grc' dir='ltr'><strong><em>μεγίστη</em></strong></span> <span class='ocrx_word' id='word_1_164' title='bbox 874 1974 972 2040; x_wconf 79' lang='grc' dir='ltr'><strong><em>ἐστίν.</em></strong></span> 
     </span>
     <span class='ocr_line' id='line_1_19' title="bbox 195 2080 1142 2170; baseline -0.002 -22"><span class='ocrx_word' id='word_1_165' title='bbox 195 2081 292 2148; x_wconf 79' lang='grc' dir='ltr'><strong><em>Ἀἴῖὰ</em></strong></span> <span class='ocrx_word' id='word_1_166' title='bbox 316 2085 356 2166; x_wconf 79' lang='grc' dir='ltr'><strong><em>θη</em></strong></span> <span class='ocrx_word' id='word_1_167' title='bbox 381 2086 462 2148; x_wconf 82' lang='grc' dir='ltr'><strong><em>ἴστω</em></strong></span> <span class='ocrx_word' id='word_1_168' title='bbox 485 2081 506 2165; x_wconf 80' lang='grc' dir='ltr'><em>ἡ</em></span> <span class='ocrx_word' id='word_1_169' title='bbox 530 2083 701 2166; x_wconf 75' lang='grc' dir='ltr'><strong><em>διχοτομία</em></strong></span> <span class='ocrx_word' id='word_1_170' title='bbox 723 2083 807 2170; x_wconf 88' lang='grc' dir='ltr'><strong><em>πρὸς</em></strong></span> <span class='ocrx_word' id='word_1_171' title='bbox 829 2092 875 2169; x_wconf 78' lang='grc' dir='ltr'><strong><em>τςό</em></strong></span> <span class='ocrx_word' id='word_1_172' title='bbox 900 2086 936 2146; x_wconf 93' lang='lat' dir='ltr'><strong><em>Z.</em></strong></span> <span class='ocrx_word' id='word_1_173' title='bbox 973 2080 1069 2165; x_wconf 80' lang='grc' dir='ltr'><strong><em>λέγω,</em></strong></span> <span class='ocrx_word' id='word_1_174' title='bbox 1094 2084 1142 2148; x_wconf 86' lang='grc' dir='ltr'><strong><em>ότι</em></strong></span> 
     </span>
     <span class='ocr_line' id='line_1_20' title="bbox 131 2187 1143 2274; baseline -0.001 -21"><span class='ocrx_word' id='word_1_175' title='bbox 131 2188 151 2272; x_wconf 78' lang='grc' dir='ltr'><strong><em>η</em></strong></span> <span class='ocrx_word' id='word_1_176' title='bbox 182 2197 242 2253; x_wconf 90' lang='grc' dir='ltr'><strong><em>τοῦ</em></strong></span> <span class='ocrx_word' id='word_1_177' title='bbox 272 2194 299 2253; x_wconf 92' lang='lat' dir='ltr'>Z</span> <span class='ocrx_word' id='word_1_178' title='bbox 332 2191 444 2271; x_wconf 81' lang='grc' dir='ltr'><strong><em>ἔγγιον</em></strong></span> <span class='ocrx_word' id='word_1_179' title='bbox 476 2187 496 2271; x_wconf 77' lang='grc' dir='ltr'><strong><em>η</em></strong></span> <span class='ocrx_word' id='word_1_180' title='bbox 525 2191 630 2253; x_wconf 90' lang='grc' dir='ltr'><strong><em>ΑΒΓ</em></strong></span> <span class='ocrx_word' id='word_1_181' title='bbox 656 2188 772 2253; x_wconf 81' lang='grc' dir='ltr'><strong><em>εὐθεῖα</em></strong></span> <span class='ocrx_word' id='word_1_182' title='bbox 804 2196 861 2271; x_wconf 81' lang='grc' dir='ltr'><strong><em>τῆς</em></strong></span> <span class='ocrx_word' id='word_1_183' title='bbox 889 2187 1059 2274; x_wconf 80' lang='grc' dir='ltr'><strong><em>ἀπώτερον</em></strong></span> <span class='ocrx_word' id='word_1_184' title='bbox 1088 2198 1143 2272; x_wconf 78' lang='grc' dir='ltr'><strong><em>τῆς</em></strong></span> 
     </span>
     <span class='ocr_line' id='line_1_21' title="bbox 75 2293 497 2380; baseline -0.005 -20"><span class='ocrx_word' id='word_1_185' title='bbox 75 2306 110 2353; x_wconf 81' lang='lat'><strong><em>20</em></strong></span> <span class='ocrx_word' id='word_1_186' title='bbox 130 2300 162 2360; x_wconf 94' lang='grc' dir='ltr'><em>Α</em></span> <span class='ocrx_word' id='word_1_187' title='bbox 168 2297 240 2358; x_wconf 89' lang='grc' dir='ltr'><strong><em>ΔΓ</em></strong></span> <span class='ocrx_word' id='word_1_188' title='bbox 257 2297 375 2380; x_wconf 82' lang='grc' dir='ltr'><strong><em>μείζων</em></strong></span> <span class='ocrx_word' id='word_1_189' title='bbox 399 2293 497 2359; x_wconf 81' lang='grc' dir='ltr'><strong><em>ἐστίν.</em></strong></span> 
     </span>
     <span class='ocr_line' id='line_1_22' title="bbox 198 2398 1140 2488; baseline 0 -22"><span class='ocrx_word' id='word_1_190' title='bbox 198 2398 267 2466; x_wconf 80' lang='grc' dir='ltr'><strong><em>ἐπεὶ</em></strong></span> <span class='ocrx_word' id='word_1_191' title='bbox 303 2401 366 2488; x_wconf 79' lang='grc' dir='ltr'><strong><em>γὰρ</em></strong></span> <span class='ocrx_word' id='word_1_192' title='bbox 404 2400 423 2483; x_wconf 80' lang='grc' dir='ltr'><em>ἡ</em></span> <span class='ocrx_word' id='word_1_193' title='bbox 456 2405 557 2465; x_wconf 91' lang='grc' dir='ltr'><em>ΑΖΒ</em></span> <span class='ocrx_word' id='word_1_194' title='bbox 594 2398 786 2487; x_wconf 76' lang='grc' dir='ltr'><strong><em>περιφέρεια</em></strong></span> <span class='ocrx_word' id='word_1_195' title='bbox 823 2410 882 2485; x_wconf 75' lang='grc' dir='ltr'><strong><em>τῆς</em></strong></span> <span class='ocrx_word' id='word_1_196' title='bbox 914 2404 1020 2465; x_wconf 87' lang='grc' dir='ltr'><strong><em>ΒΔΓ</em></strong></span> <span class='ocrx_word' id='word_1_197' title='bbox 1051 2423 1140 2488; x_wconf 90' lang='grc' dir='ltr'><strong><em>περι-</em></strong></span> 
     </span>
     <span class='ocr_line' id='line_1_23' title="bbox 127 2497 1141 2594; baseline 0 -23"><span class='ocrx_word' id='word_1_198' title='bbox 127 2511 261 2594; x_wconf 87' lang='grc' dir='ltr'><strong><em>φερείας</em></strong></span> <span class='ocrx_word' id='word_1_199' title='bbox 283 2509 401 2593; x_wconf 78' lang='grc' dir='ltr'><strong><em>μείζων</em></strong></span> <span class='ocrx_word' id='word_1_200' title='bbox 425 2506 503 2590; x_wconf 81' lang='grc' dir='ltr'><strong><em>ἐστί,</em></strong></span> <span class='ocrx_word' id='word_1_201' title='bbox 528 2497 626 2590; x_wconf 78' lang='grc' dir='ltr'><strong><em>καῖη</em></strong></span> <span class='ocrx_word' id='word_1_202' title='bbox 649 2507 715 2572; x_wconf 86' lang='grc' dir='ltr'><strong><em>ὑπὸ</em></strong></span> <span class='ocrx_word' id='word_1_203' title='bbox 739 2511 844 2572; x_wconf 88' lang='grc' dir='ltr'><em>ΒΔΑ</em></span> <span class='ocrx_word' id='word_1_204' title='bbox 867 2509 931 2592; x_wconf 76' lang='grc' dir='ltr'><strong><em>ἄρα</em></strong></span> <span class='ocrx_word' id='word_1_205' title='bbox 954 2510 1060 2588; x_wconf 85' lang='grc' dir='ltr'><strong><em>γωνία</em></strong></span> <span class='ocrx_word' id='word_1_206' title='bbox 1084 2518 1141 2592; x_wconf 82' lang='grc' dir='ltr'><strong><em>τῆς</em></strong></span> 
     </span>
     <span class='ocr_line' id='line_1_24' title="bbox 126 2612 1142 2700; baseline 0 -23"><span class='ocrx_word' id='word_1_207' title='bbox 126 2612 190 2678; x_wconf 86' lang='grc' dir='ltr'><strong><em>ὑπὸ</em></strong></span> <span class='ocrx_word' id='word_1_208' title='bbox 211 2617 315 2678; x_wconf 91' lang='grc' dir='ltr'><em>ΒΑΓ</em></span> <span class='ocrx_word' id='word_1_209' title='bbox 329 2615 455 2697; x_wconf 78' lang='grc' dir='ltr'><strong><em>μείζων.</em></strong></span> <span class='ocrx_word' id='word_1_210' title='bbox 491 2621 606 2697; x_wconf 75' lang='grc' dir='ltr'><strong><em>κοινῆς</em></strong></span> <span class='ocrx_word' id='word_1_211' title='bbox 623 2615 861 2700; x_wconf 72' lang='grc' dir='ltr'><strong><em>προστεθείσης</em></strong></span> <span class='ocrx_word' id='word_1_212' title='bbox 878 2622 936 2697; x_wconf 81' lang='grc' dir='ltr'><strong><em>τῆς</em></strong></span> <span class='ocrx_word' id='word_1_213' title='bbox 952 2613 1018 2677; x_wconf 86' lang='grc' dir='ltr'><strong><em>ὑπὸ</em></strong></span> <span class='ocrx_word' id='word_1_214' title='bbox 1034 2618 1142 2678; x_wconf 83' lang='grc' dir='ltr'><em>ΒΑΕ</em></span> 
     </span>
     <span class='ocr_line' id='line_1_25' title="bbox 128 2717 1142 2805; baseline 0.004 -23"><span class='ocrx_word' id='word_1_215' title='bbox 128 2719 165 2783; x_wconf 85' lang='grc' dir='ltr'><strong><em>αἴ</em></strong></span> <span class='ocrx_word' id='word_1_216' title='bbox 182 2720 245 2805; x_wconf 84' lang='grc' dir='ltr'><strong><em>όίρα</em></strong></span> <span class='ocrx_word' id='word_1_217' title='bbox 263 2718 329 2784; x_wconf 80' lang='grc' dir='ltr'><strong><em>ὑπὸ</em></strong></span> <span class='ocrx_word' id='word_1_218' title='bbox 348 2723 465 2803; x_wconf 81' lang='grc' dir='ltr'><em>ΒΔΕ,</em></span> <span class='ocrx_word' id='word_1_219' title='bbox 484 2723 591 2785; x_wconf 88' lang='grc' dir='ltr'><em>ΒΔΑ</em></span> <span class='ocrx_word' id='word_1_220' title='bbox 609 2717 753 2803; x_wconf 80' lang='grc' dir='ltr'><strong><em>μείζονές</em></strong></span> <span class='ocrx_word' id='word_1_221' title='bbox 771 2721 835 2784; x_wconf 87' lang='grc' dir='ltr'><strong><em>εἴσι</em></strong></span> <span class='ocrx_word' id='word_1_222' title='bbox 853 2730 921 2784; x_wconf 82' lang='grc' dir='ltr'><strong><em>τῶν</em></strong></span> <span class='ocrx_word' id='word_1_223' title='bbox 938 2719 1003 2785; x_wconf 83' lang='grc' dir='ltr'><strong><em>ὑπὸ</em></strong></span> <span class='ocrx_word' id='word_1_224' title='bbox 1024 2725 1142 2804; x_wconf 75' lang='grc' dir='ltr'><em>ΒΑΕ,</em></span> 
     </span>
    </p>
   </div>
   <div class='ocr_carea' id='block_1_3' title="bbox 112 2981 1139 3555">
    <p class='ocr_par' dir='ltr' id='par_1_3' title="bbox 196 2981 1139 3056">
     <span class='ocr_line' id='line_1_26' title="bbox 196 2981 1139 3056; baseline 0.004 -22"><span class='ocrx_word' id='word_1_225' title='bbox 196 2987 220 3035; x_wconf 84' lang='grc'><strong><em>4.</em></strong></span> <span class='ocrx_word' id='word_1_226' title='bbox 242 2982 342 3053; x_wconf 89' lang='grc' dir='ltr'><em>ΒΑΓ]</em></span> <span class='ocrx_word' id='word_1_227' title='bbox 360 2999 387 3050; x_wconf 87' lang='lat' dir='ltr'><strong><em>p,</em></strong></span> <span class='ocrx_word' id='word_1_228' title='bbox 407 2996 477 3036; x_wconf 80' lang='lat' dir='ltr'>corr.</span> <span class='ocrx_word' id='word_1_229' title='bbox 496 2997 531 3036; x_wconf 80' lang='lat' dir='ltr'><strong><em>ex</em></strong></span> <span class='ocrx_word' id='word_1_230' title='bbox 550 2986 636 3035; x_wconf 88' lang='grc' dir='ltr'><em>ΔΑΓ</em></span> <span class='ocrx_word' id='word_1_231' title='bbox 650 3000 686 3035; x_wconf 92' lang='lat' dir='ltr'><strong><em>m.</em></strong></span> <span class='ocrx_word' id='word_1_232' title='bbox 702 2987 717 3035; x_wconf 78' lang='lat'><strong>2</strong></span> <span class='ocrx_word' id='word_1_233' title='bbox 732 2982 765 3052; x_wconf 87' lang='lat' dir='ltr'><strong><em>V,</em></strong></span> <span class='ocrx_word' id='word_1_234' title='bbox 784 2987 872 3036; x_wconf 90' lang='grc' dir='ltr'><em>ΔΑΓ</em></span> <span class='ocrx_word' id='word_1_235' title='bbox 888 3001 914 3036; x_wconf 82' lang='lat' dir='ltr'><strong><em>v.</em></strong></span> <span class='ocrx_word' id='word_1_236' title='bbox 988 2981 1062 3038; x_wconf 80' lang='grc' dir='ltr'><strong><em>ἐστιν</em></strong></span> <span class='ocrx_word' id='word_1_237' title='bbox 1083 2983 1139 3056; x_wconf 94' lang='grc' dir='ltr'><strong><em>ἴση]</em></strong></span> 
     </span>
    </p>

    <p class='ocr_par' dir='ltr' id='par_1_4' title="bbox 112 3050 1139 3555">
     <span class='ocr_line' id='line_1_27' title="bbox 124 3050 1137 3125; baseline 0.005 -20"><span class='ocrx_word' id='word_1_238' title='bbox 124 3050 169 3122; x_wconf 87' lang='grc' dir='ltr'><strong><em>ἴση</em></strong></span> <span class='ocrx_word' id='word_1_239' title='bbox 190 3051 264 3107; x_wconf 77' lang='grc' dir='ltr'><strong><em>ἐστίν</em></strong></span> <span class='ocrx_word' id='word_1_240' title='bbox 281 3070 308 3122; x_wconf 89' lang='lat' dir='ltr'><strong><em>p.</em></strong></span> <span class='ocrx_word' id='word_1_241' title='bbox 382 3057 406 3106; x_wconf 79' lang='grc' dir='ltr'><strong><em>ὁ.</em></strong></span> <span class='ocrx_word' id='word_1_242' title='bbox 425 3051 493 3125; x_wconf 77' lang='grc' dir='ltr'><strong><em>ὑπό]</em></strong></span> <span class='ocrx_word' id='word_1_243' title='bbox 512 3071 569 3122; x_wconf 83' lang='lat' dir='ltr'><strong><em>vp,</em></strong></span> <span class='ocrx_word' id='word_1_244' title='bbox 588 3052 633 3107; x_wconf 83' lang='lat' dir='ltr'><strong><em>bis</em></strong></span> <span class='ocrx_word' id='word_1_245' title='bbox 651 3053 685 3107; x_wconf 86' lang='lat' dir='ltr'><strong><em>V.</em></strong></span> <span class='ocrx_word' id='word_1_246' title='bbox 758 3058 782 3109; x_wconf 94' lang='lat'><strong><em>8.</em></strong></span> <span class='ocrx_word' id='word_1_247' title='bbox 803 3055 912 3125; x_wconf 77' lang='grc' dir='ltr'><strong><em>κοινῆς]</em></strong></span> <span class='ocrx_word' id='word_1_248' title='bbox 931 3053 980 3108; x_wconf 86' lang='grc' dir='ltr'><strong><em>ιιαῖ</em></strong></span> <span class='ocrx_word' id='word_1_249' title='bbox 993 3063 1093 3124; x_wconf 79' lang='grc' dir='ltr'><strong><em>κοινῆς</em></strong></span> <span class='ocrx_word' id='word_1_250' title='bbox 1111 3075 1137 3125; x_wconf 86' lang='lat' dir='ltr'><strong><em>p.</em></strong></span> 
     </span>
     <span class='ocr_line' id='line_1_28' title="bbox 158 3121 1139 3196; baseline 0.003 -19"><span class='ocrx_word' id='word_1_251' title='bbox 158 3121 305 3196; x_wconf 77' lang='grc' dir='ltr'><strong><em>ἀρθείσης]</em></strong></span> <span class='ocrx_word' id='word_1_252' title='bbox 325 3122 387 3194; x_wconf 84' lang='lat' dir='ltr'><strong><em>Vp,</em></strong></span> <span class='ocrx_word' id='word_1_253' title='bbox 406 3123 470 3178; x_wconf 72' lang='lat' dir='ltr'>for&#39;o.</span> <span class='ocrx_word' id='word_1_254' title='bbox 486 3123 542 3194; x_wconf 80' lang='grc' dir='ltr'><strong><em>ἄρα</em></strong></span> <span class='ocrx_word' id='word_1_255' title='bbox 561 3121 709 3193; x_wconf 76' lang='grc' dir='ltr'><strong><em>ἀρθείσηςς</em></strong></span> <span class='ocrx_word' id='word_1_256' title='bbox 729 3123 785 3193; x_wconf 77' lang='grc' dir='ltr'><strong><em>ἄρα</em></strong></span> <span class='ocrx_word' id='word_1_257' title='bbox 804 3122 1010 3194; x_wconf 80' lang='grc' dir='ltr'><strong><em>ἀφαιρεθείσης</em></strong></span> <span class='ocrx_word' id='word_1_258' title='bbox 1027 3126 1139 3196; x_wconf 77' lang='lat' dir='ltr'>Halley.</span> 
     </span>
     <span class='ocr_line' id='line_1_29' title="bbox 160 3192 1137 3268; baseline 0.004 -21"><span class='ocrx_word' id='word_1_259' title='bbox 160 3200 201 3250; x_wconf 91' lang='lat'><strong><em>11.</em></strong></span> <span class='ocrx_word' id='word_1_260' title='bbox 222 3194 295 3250; x_wconf 76' lang='grc' dir='ltr'><strong><em>ἔστιν</em></strong></span> <span class='ocrx_word' id='word_1_261' title='bbox 310 3192 367 3266; x_wconf 85' lang='grc' dir='ltr'><strong><em>ἴση]</em></strong></span> <span class='ocrx_word' id='word_1_262' title='bbox 386 3192 431 3264; x_wconf 89' lang='grc' dir='ltr'><strong><em>ἴση</em></strong></span> <span class='ocrx_word' id='word_1_263' title='bbox 447 3193 503 3250; x_wconf 78' lang='grc' dir='ltr'><strong><em>ἐστί</em></strong></span> <span class='ocrx_word' id='word_1_264' title='bbox 520 3213 547 3265; x_wconf 89' lang='lat' dir='ltr'><strong><em>p.</em></strong></span> <span class='ocrx_word' id='word_1_265' title='bbox 603 3201 644 3251; x_wconf 76' lang='lat'><strong><em>14.</em></strong></span> <span class='ocrx_word' id='word_1_266' title='bbox 665 3194 709 3264; x_wconf 84' lang='grc' dir='ltr'><strong><em>ἴση</em></strong></span> <span class='ocrx_word' id='word_1_267' title='bbox 726 3194 798 3267; x_wconf 82' lang='grc' dir='ltr'><strong><em>ἐστί]</em></strong></span> <span class='ocrx_word' id='word_1_268' title='bbox 819 3213 909 3265; x_wconf 88' lang='lat' dir='ltr'><strong>om.p.</strong></span> <span class='ocrx_word' id='word_1_269' title='bbox 967 3199 1066 3268; x_wconf 89' lang='grc' dir='ltr'><em>ΑΒΓ]</em></span> <span class='ocrx_word' id='word_1_270' title='bbox 1087 3217 1137 3267; x_wconf 84' lang='lat' dir='ltr'><strong><em>vp,</em></strong></span> 
     </span>
     <span class='ocr_line' id='line_1_30' title="bbox 124 3266 1137 3340; baseline 0.003 -22"><span class='ocrx_word' id='word_1_271' title='bbox 124 3281 192 3319; x_wconf 85' lang='lat' dir='ltr'>corr.</span> <span class='ocrx_word' id='word_1_272' title='bbox 212 3282 246 3319; x_wconf 82' lang='lat' dir='ltr'><strong><em>ex</em></strong></span> <span class='ocrx_word' id='word_1_273' title='bbox 264 3271 351 3320; x_wconf 89' lang='grc' dir='ltr'><em>ΑΔΓ</em></span> <span class='ocrx_word' id='word_1_274' title='bbox 365 3284 401 3321; x_wconf 93' lang='lat' dir='ltr'><strong><em>m.</em></strong></span> <span class='ocrx_word' id='word_1_275' title='bbox 422 3271 436 3319; x_wconf 93' lang='lat'>1</span> <span class='ocrx_word' id='word_1_276' title='bbox 456 3266 489 3320; x_wconf 93' lang='lat' dir='ltr'><strong><em>V.</em></strong></span> <span class='ocrx_word' id='word_1_277' title='bbox 564 3271 606 3320; x_wconf 86' lang='lat'><strong><em>19.</em></strong></span> <span class='ocrx_word' id='word_1_278' title='bbox 626 3267 738 3338; x_wconf 77' lang='grc' dir='ltr'><strong><em>εὐθεῖα]</em></strong></span> <span class='ocrx_word' id='word_1_279' title='bbox 759 3284 812 3321; x_wconf 91' lang='lat' dir='ltr'><strong><em>om.</em></strong></span> <span class='ocrx_word' id='word_1_280' title='bbox 832 3285 859 3336; x_wconf 91' lang='lat' dir='ltr'><strong><em>p.</em></strong></span> <span class='ocrx_word' id='word_1_281' title='bbox 931 3267 1090 3340; x_wconf 78' lang='grc' dir='ltr'><strong><em>ἀπώτερον]</em></strong></span> <span class='ocrx_word' id='word_1_282' title='bbox 1109 3287 1137 3338; x_wconf 83' lang='lat' dir='ltr'><strong><em>p,</em></strong></span> 
     </span>
     <span class='ocr_line' id='line_1_31' title="bbox 121 3333 1137 3410; baseline 0.003 -20"><span class='ocrx_word' id='word_1_283' title='bbox 121 3335 261 3406; x_wconf 79' lang='grc' dir='ltr'><strong><em>ἀπότερον</em></strong></span> <span class='ocrx_word' id='word_1_284' title='bbox 279 3337 312 3391; x_wconf 88' lang='lat' dir='ltr'><strong><em>V.</em></strong></span> <span class='ocrx_word' id='word_1_285' title='bbox 386 3343 428 3392; x_wconf 81' lang='lat'><strong><em>21.</em></strong></span> <span class='ocrx_word' id='word_1_286' title='bbox 448 3333 525 3408; x_wconf 73' lang='grc' dir='ltr'><strong><em>ἐπεί]</em></strong></span> <span class='ocrx_word' id='word_1_287' title='bbox 544 3354 595 3406; x_wconf 83' lang='lat' dir='ltr'><strong><em>vp,</em></strong></span> <span class='ocrx_word' id='word_1_288' title='bbox 613 3340 740 3392; x_wconf 79' lang='lat' dir='ltr'><strong>renouat.</strong></span> <span class='ocrx_word' id='word_1_289' title='bbox 755 3356 791 3392; x_wconf 90' lang='lat' dir='ltr'><strong><em>m.</em></strong></span> <span class='ocrx_word' id='word_1_290' title='bbox 807 3354 861 3392; x_wconf 84' lang='lat' dir='ltr'>rec.</span> <span class='ocrx_word' id='word_1_291' title='bbox 875 3338 908 3391; x_wconf 92' lang='lat' dir='ltr'><strong><em>V.</em></strong></span> <span class='ocrx_word' id='word_1_292' title='bbox 981 3343 1024 3392; x_wconf 76' lang='lat'><strong><em>22.</em></strong></span> <span class='ocrx_word' id='word_1_293' title='bbox 1045 3341 1137 3410; x_wconf 88' lang='grc' dir='ltr'><em>ΒΔΑ]</em></span> 
     </span>
     <span class='ocr_line' id='line_1_32' title="bbox 122 3408 1137 3500; baseline 0.003 -40"><span class='ocrx_word' id='word_1_294' title='bbox 122 3423 190 3462; x_wconf 86' lang='lat' dir='ltr'>corr.</span> <span class='ocrx_word' id='word_1_295' title='bbox 210 3423 245 3461; x_wconf 86' lang='lat' dir='ltr'><strong><em>ex</em></strong></span> <span class='ocrx_word' id='word_1_296' title='bbox 264 3409 486 3478; x_wconf 78' lang='lat' dir='ltr'><strong>BAEm.2V,</strong></span> <span class='ocrx_word' id='word_1_297' title='bbox 511 3411 596 3462; x_wconf 87' lang='grc' dir='ltr'><strong><em>ΒΔΕ</em></strong></span> <span class='ocrx_word' id='word_1_298' title='bbox 614 3427 643 3478; x_wconf 87' lang='lat' dir='ltr'><strong><em>v;</em></strong></span> <span class='ocrx_word' id='word_1_299' title='bbox 669 3413 747 3463; x_wconf 90' lang='grc' dir='ltr'><em>ΒΓΑ</em></span> <span class='ocrx_word' id='word_1_300' title='bbox 765 3413 962 3478; x_wconf 79' lang='lat' dir='ltr'>p‚Pe00rr.</span> <span class='ocrx_word' id='word_1_301' title='bbox 1037 3408 1137 3500; x_wconf 88' lang='grc' dir='ltr'><strong><em>γωνία]</em></strong></span> 
     </span>
     <span class='ocr_line' id='line_1_33' title="bbox 112 3475 1136 3555; baseline 0.004 -24"><span class='ocrx_word' id='word_1_302' title='bbox 112 3493 165 3533; x_wconf 82' lang='lat' dir='ltr'><strong><em>om.</em></strong></span> <span class='ocrx_word' id='word_1_303' title='bbox 176 3497 207 3549; x_wconf 83' lang='lat' dir='ltr'><strong><em>p.</em></strong></span> <span class='ocrx_word' id='word_1_304' title='bbox 283 3484 327 3536; x_wconf 85' lang='lat'><strong><em>23.</em></strong></span> <span class='ocrx_word' id='word_1_305' title='bbox 347 3476 462 3555; x_wconf 77' lang='grc' dir='ltr'><strong><em>μείζων]</em></strong></span> <span class='ocrx_word' id='word_1_306' title='bbox 482 3475 583 3553; x_wconf 77' lang='grc' dir='ltr'><strong><em>μείζων</em></strong></span> <span class='ocrx_word' id='word_1_307' title='bbox 604 3476 687 3536; x_wconf 80' lang='grc' dir='ltr'><strong><em>ἐστίν·</em></strong></span> <span class='ocrx_word' id='word_1_308' title='bbox 710 3477 757 3550; x_wconf 81' lang='grc' dir='ltr'><strong><em>ἴση</em></strong></span> <span class='ocrx_word' id='word_1_309' title='bbox 774 3477 806 3533; x_wconf 53' lang='grc' dir='ltr'><strong><em>δὲ</em></strong></span> <span class='ocrx_word' id='word_1_310' title='bbox 824 3480 846 3550; x_wconf 72' lang='grc' dir='ltr'><strong>ἡ</strong></span> <span class='ocrx_word' id='word_1_311' title='bbox 861 3479 916 3533; x_wconf 69' lang='grc' dir='ltr'><strong><em>υπὸ</em></strong></span> <span class='ocrx_word' id='word_1_312' title='bbox 934 3484 1011 3534; x_wconf 81' lang='grc' dir='ltr'><em>ΒΓΑ</em></span> <span class='ocrx_word' id='word_1_313' title='bbox 1029 3490 1063 3551; x_wconf 79' lang='grc' dir='ltr'><strong><em>τῇ</em></strong></span> <span class='ocrx_word' id='word_1_314' title='bbox 1081 3482 1136 3536; x_wconf 85' lang='grc' dir='ltr'><strong><em>ὑπο</em></strong></span> 
     </span>
    </p>
   </div>
   <div class='ocr_carea' id='block_1_4' title="bbox 0 0 1220 3854">
    <p class='ocr_par' dir='ltr' id='par_1_5' title="bbox 0 0 1220 3854">
     <span class='ocr_line' id='line_1_34' title="bbox 0 0 1220 3854; baseline 0 4"><span class='ocrx_word' id='word_1_315' title='bbox 0 0 1220 3854; x_wconf 95' lang='lat' dir='ltr'><strong><em> </em></strong></span> 
     </span>
    </p>
   </div>
  </div>
 </body>
</html>
