2430 3854
425 155 475 204 ns
494 153 671 206 sncmorn
690 155 785 210 com.
1043 155 1108 221 203

96 319 168 362 eam
195 301 322 380 partem
349 319 462 361 uersus
490 300 736 383 construuntur,
768 301 808 364 ad
836 321 934 384 quam
963 302 1032 366 axis
1062 303 1109 366 in·

96 404 236 469 clinatus
264 408 327 490 est,
354 403 593 489 trianfflilorum
620 409 730 470 auteur
758 406 1035 490 aequicruriorum
1062 409 1110 473 ita

95 509 285 576 effectorum
302 510 420 594 aliquis
434 509 599 596 triangulo
613 512 816 596 aequicrurio
831 536 889 598 per
903 536 996 579 axem
1010 515 1107 580 ducto

94 616 239 700 aequalis
263 620 323 702 est,
345 616 415 680 axis
439 617 512 680 coni
535 616 642 681 minor
664 618 727 682 erit
749 619 840 684 radio
864 621 962 686 basis.

162 723 207 788 sit
224 744 330 788 conus
354 722 510 806 scalenus,
534 723 626 788 cuius
649 730 763 790 uermx
782 725 826 791 sit
843 733 894 810 Α,
908 728 977 793 axis
997 732 1107 794 autem

94 833 160 893 AB
189 830 229 893 ad
255 833 365 913 partes
392 834 426 893 A
448 851 561 893 uersus
589 829 777 918 inclinatus,
804 834 893 898 basis
917 839 1026 900 autern
1048 836 1108 901 cir·

93 934 186 1000 culus
215 934 336 1000 circum
363 938 391 997 Β
421 938 568 1000 centrum
592 936 786 1022 descriptus,
813 939 971 1026 trianguli
997 946 1107 1007 autem

658 1044 698 1108 ad
719 1044 875 1111 circulum
897 1049 1107 1130 perpendicu-

655 1149 769 1215 larite1
803 1174 862 1236 per
894 1175 987 1218 axem
1017 1155 1106 1221 ducti

656 1256 744 1321 basis
777 1257 821 1322 sit
854 1261 965 1345 ΓΒΔ,
1000 1265 1033 1325 εὴ
1065 1263 1107 1326 ad

657 1365 722 1428 ΓΔ
743 1364 779 1427 in
799 1365 921 1430 circulo
939 1368 1107 1452 perpendi-

566 1509 594 1556 A
656 1469 780 1535 culares
826 1472 986 1538 ducantur
1031 1478 1106 1560 ΒΖ,

655 1581 733 1661 ΕΗ,
753 1578 952 1663 ducaturque
970 1585 1048 1664 AE,
1072 1584 1105 1646 εὴ

656 1689 866 1769 supponatur,
874 1685 1038 1771 triangulo
1047 1709 1106 1772 per

655 1794 722 1855 AB
743 1794 776 1855 et
794 1792 854 1856 213
861 1797 888 1856 Z
912 1792 1018 1876 ducto,
1042 1793 1104 1858 hoc

655 1900 705 1960 est
748 1896 859 1982 [prop.
892 1896 1006 1982 XXII]
1048 1900 1105 1962 tri-

655 2003 775 2088 angulo
809 2003 1011 2088 aequicrurio
1046 2027 1104 2088 per

90 2133 185 2175 axem
208 2111 318 2194 ducto,
350 2110 519 2194 aequalem
542 2132 612 2174 esse
635 2109 837 2195 triangulum
864 2109 1103 2195 aequicrurium

91 2239 150 2301 per
180 2221 247 2281 EA
278 2220 311 2281 et
343 2217 452 2281 EEH
474 2217 616 2290 ductum.
671 2217 756 2300 dico,
789 2239 882 2281 axem
912 2221 980 2280 BA
1011 2217 1102 2281 radio

91 2322 251 2386 minorem
274 2344 353 2386 esse.

158 2429 312 2513 quoniam
338 2434 478 2504 [ABE
498 2429 605 2494 minor
628 2434 679 2494 est
700 2432 804 2515 recto,
825 2429 861 2494 in
882 2429 981 2514 plano
1005 2431 1104 2494 trian-

91 2536 160 2621 guli
188 2539 290 2599 ABE
320 2535 361 2600 ad
389 2537 454 2599 ΓΔ
480 2535 754 2620 perpendicularis
782 2537 919 2601 ducatur
945 2541 1018 2602 ΒΘ.
1069 2541 1103 2602 et

89 2641 246 2726 quoniam
267 2646 334 2706 EA
347 2653 382 2714 >
396 2647 458 2706 AB
481 2646 615 2727 propter
636 2641 895 2727 propositionem
913 2644 1103 2728 praeceden-

89 2754 158 2813 tem
180 2748 286 2833 [prop.
308 2746 478 2832 XXXNJ,
505 2752 641 2824 [ΒΕΑ
668 2749 775 2814 minor
802 2754 852 2814 est
879 2754 969 2816 recto
997 2749 1103 2835 [Eucl.

87 2853 113 2938 Ι,
133 2853 198 2938 18].
244 2876 358 2919 uerum
381 2859 518 2931 LEBE
537 2860 645 2921 rectus
674 2860 737 2934 est;
764 2856 875 2940 itaque
897 2862 1005 2922 rectae
1031 2862 1102 2940 ΘΒ,

89 2965 155 3025 EA
179 2961 355 3044 productae
373 2965 567 3028 concurrent
585 2961 691 3047 [Eucl.
711 2962 726 3026 I
746 2968 808 3027 alc.
827 2963 872 3048 5].
908 2969 1102 3030 concurrant

87 3069 122 3131 in
139 3072 175 3132 Θ.
208 3069 362 3152 quoniam
379 3068 482 3155 igitur
500 3068 683 3154 trianfflilus
699 3069 918 3153 aequicrurius
936 3092 994 3153 per
1008 3093 1101 3135 axem

88 3174 204 3239 ductus
228 3175 372 3260 aequalis
396 3179 446 3240 est
468 3173 658 3261 rectangulo
679 3179 747 3240 AB
762 3180 892 3258 ><BZ,
916 3175 1100 3262 triangulus

87 3284 198 3345 autem
216 3281 437 3364 aequicrurius
451 3303 510 3366 per
523 3285 592 3345 AE
608 3285 642 3345 et
660 3281 766 3346 2EH
779 3282 894 3346 ductus
909 3282 1099 3368 rectanpilo
1166 3305 1169 3312 ·

87 3392 120 3451 A
125 3391 294 3456 E><EH
311 3385 418 3471 [Euel.
436 3386 461 3472 Ι,
478 3386 551 3473 41],
574 3390 607 3452 εὴ
627 3387 784 3472 trianguli
803 3386 997 3472 aequicrurii
1014 3389 1101 3453 inter

87 3516 121 3558 se
141 3494 291 3578 aequales
310 3498 396 3581 sunt,
420 3494 482 3560 erit
504 3493 606 3560 etiam
625 3497 691 3559 AB
704 3509 752 3562 ><
762 3497 825 3558 BZ
839 3524 884 3546 =
897 3499 1126 3615 mxli-q
