2430 3854
124 171 166 235 86
392 174 480 225 ΠΕΡΙ
497 174 713 226 ΚΤΛΙΝΔΡΟΥ
732 175 868 228 ΤΟΜΗΣ.

124 317 183 382 τὸν
210 319 310 399 λόγον
338 311 423 381 εἶναι
450 328 517 382 τῶν
545 316 730 404 διαμέτρων
757 319 816 382 τὸν
845 318 947 383 αὐτὸν
971 318 1056 405 πρὸς
1079 320 1143 402 τὴν

125 422 230 507 αὐτὴν
253 423 313 506 τὴν
335 429 368 487 Α
374 427 410 488 Γ.

180 563 288 630 Ἔστω
312 562 348 630 δὲ
371 566 476 632 νῦνὸ
500 564 615 644 δοθεὶς
636 577 743 644 κῶνος
766 570 937 650 σκαληνός,
961 561 1002 631 οὗ
1027 569 1064 633 τὸ
1084 569 1142 633 διὰ

125 681 184 735 τοῦ
208 669 325 761 ἄξονος
345 676 510 759 τρίγωνον
528 674 565 737 τὸ
585 677 690 738 ΑΒΓ
702 675 785 758 πρὸς
804 674 910 760 ὀρθὰς
928 673 968 738 ὂν
986 684 1027 760 τῇ
1046 675 1142 759 βάσει

89 787 184 843 σποῦ
207 780 328 863 κώνου,
351 778 406 844 καὶ
429 783 510 845 ἔστω
535 779 639 862 ἡΑΒ
658 790 717 864 τῆς
734 784 805 846 ΑΓ
818 784 946 864 μείζων,
970 779 1027 845 καὶ
1050 803 1141 867 περι-

125 886 307 972 γεγράφθω
331 887 465 970 κύκλος,
493 884 549 951 καὶ
570 889 665 970 ἤχθω
689 888 746 951 διὰ
769 896 829 951 τοῦ
852 893 885 951 A
907 896 947 972 τῇ
970 891 1041 951 ΒΓ
1058 909 1140 974 παρ-

125 992 266 1077 άλληλος
288 992 308 1076 ἡ
327 998 359 1057 A
364 999 398 1058 A
417 993 571 1077 δηλονότι
591 992 755 1077 τέμνουσα
774 995 833 1058 τὸν
851 994 984 1076 κύκλον,
1008 991 1065 1058 καὶ
1083 1003 1141 1077 τῆς

124 1105 194 1164 ΛΑ
220 1103 430 1186 περιφερείας
458 1102 533 1184 δίχα
559 1102 740 1184 τμηθείσης
767 1100 849 1164 κατὰ
872 1101 909 1164 τὸ
932 1105 964 1164 E
986 1101 1138 1184 εἰλήφθω

67 1209 68 1213 ’
124 1228 156 1270 τι
183 1217 320 1290 σημεῖον
347 1204 400 1270 ἐπὶ
427 1215 484 1289 τῆς
512 1212 582 1271 ΛΕ
601 1209 812 1293 περιφερείας
834 1207 871 1271 τὸ
897 1211 939 1290 Ζ,
964 1204 1021 1271 καὶ
1044 1208 1138 1290 ἤχθω

72 1325 105 1374 10
124 1314 333 1396 παράλληλος
360 1322 400 1398 τῇ
426 1319 496 1378 ΛΑ
523 1313 544 1396 ἡ
574 1317 655 1397 ΖΗ,
690 1311 746 1377 καὶ
777 1312 1003 1396 ἐπιζευχθεῖσα
1031 1312 1052 1395 ἡ
1080 1309 1140 1397 μὲν

125 1425 191 1484 ΖΑ
218 1417 427 1503 συμπιπτέτω
456 1429 495 1505 τῇ
522 1423 590 1484 ΒΓ
612 1421 694 1484 κατὰ
721 1421 758 1485 τὸ
789 1424 831 1502 Θ,
858 1418 878 1501 ι]
903 1416 939 1484 δὲ
962 1423 1036 1483 HA
1058 1420 1141 1483 κατὰ

124 1526 162 1589 τὸ
190 1528 236 1588 Κ·
269 1526 313 1601 ὡς
341 1527 405 1611 ἄρα
432 1527 452 1610 ἡ
481 1531 553 1590 ΑΚ
579 1528 661 1613 πρὸς
688 1528 750 1611 τὴν
777 1529 863 1610 ΚΗ,
891 1526 997 1602 οὕτως
1025 1525 1046 1608 κ]
1072 1530 1141 1590 ΑΘ

124 1632 207 1719 πρὸς
238 1634 299 1717 τὴν
329 1636 400 1697 ΘΖ.
451 1630 523 1697 ἀλλ’
554 1633 599 1710 ὡς
626 1629 686 1718 μὲν
713 1634 733 1717 ἡ
761 1636 834 1697 ΑΚ
857 1633 939 1718 πρὸς
967 1633 1029 1716 τὴν
1056 1635 1139 1715 ΚΗ,

125 1739 230 1815 οὕτως
256 1740 293 1803 τὸ
322 1738 386 1804 ἀπὸ
414 1748 471 1823 τῆς
498 1743 571 1803 ΑΚ
594 1741 677 1826 πρὸς
704 1740 741 1804 τὸ
769 1739 835 1804 ὑπὸ
863 1749 930 1803 τῶν
953 1742 1041 1821 ΗΚ,
1060 1741 1139 1822 ΚΑ,

72 1855 105 1904 1ο
125 1846 169 1922 ὡς
197 1842 233 1910 δὲ
260 1846 281 1929 ἡ
309 1850 377 1910 ΑΘ
402 1847 485 1932 πρὸς
512 1848 573 1930 τὴν
603 1850 680 1929 ΘΖ,
709 1845 815 1922 οὕτως
841 1846 878 1911 τὸ
902 1844 966 1909 ἀπὸ
990 1853 1049 1928 τῆς
1072 1849 1140 1909 ΑΘ

123 1953 206 2039 πρὸς
233 1953 270 2017 τὸ
297 1951 362 2017 ὑπὸ
387 1962 454 2017 τῶν
476 1957 558 2037 ΑΘ,
584 1957 658 2017 ΘΖ·
687 1953 731 2029 ὡς
754 1953 878 2039 ἄρατὸ
902 1950 965 2016 ἀπὸ
988 1960 1048 2034 τῆς
1070 1953 1142 2015 ΑΚ

124 2060 207 2145 πρὸς
229 2059 266 2123 τὸ
289 2059 355 2125 ὑπὸ
373 2069 440 2124 τῶν
458 2062 540 2143 ΗΚ,
559 2062 637 2143 ΚΑ,
660 2055 811 2124 τουτέστι
829 2059 912 2145 πρὸς
930 2059 967 2122 τὸ
986 2056 1053 2122 ὑπὸ
1072 2067 1139 2122 τῶν

123 2168 203 2249 ΒΚ,
228 2168 306 2250 ΚΓ,
335 2165 440 2241 οὕτως
467 2167 505 2231 τὸ
533 2164 596 2230 ιἰπὸ
625 2174 682 2249 τῆς
709 2170 778 2230 ΑΘ
803 2166 887 2251 πρὸς
914 2165 951 2230 τὸ
979 2162 1046 2228 ὑπὸ
1071 2173 1140 2228 τῶν

125 2277 198 2356 ΖΘ,
225 2277 304 2357 ΘΑ,
333 2272 482 2338 τουτέστι
509 2273 592 2359 πρὸς
619 2274 657 2338 τὸ
679 2271 744 2336 ὑπὸ
768 2282 836 2335 τῶν
858 2275 938 2354 ΒΘ,
964 2273 1035 2335 ΘΓ.
1081 2269 1139 2334 έολν

71 2390 105 2439 20
126 2374 187 2443 οὖν
211 2378 420 2464 διαγάγωμεν
442 2379 576 2455 εὐθείας
598 2379 829 2466 παραλλήλους
851 2386 890 2463 τῇ
909 2373 970 2461 μὲν
989 2379 1062 2441 ΑΚ
1078 2377 1139 2460 τὴν

124 2490 210 2569 ΛΜ,
233 2496 273 2572 τῇ
297 2483 332 2550 δὲ
351 2492 384 2550 A
392 2490 420 2550 Θ
437 2486 499 2569 τὴν
518 2489 598 2569 AN,
621 2483 677 2549 καὶ
701 2483 745 2549 δι’
767 2485 877 2550 αὐτῶν
901 2481 1047 2567 ἀχθέντα
1070 2481 1138 2546 ἐπί-

123 2593 206 2656 πεδα
229 2590 308 2676 τέμῃ
331 2593 390 2657 τὸν
412 2604 536 2675 κῶνον,
564 2591 680 2676 ὁμοίας
703 2590 862 2669 ἐλλείψεις
883 2591 1022 2673 ποιήσει.
1069 2586 1138 2654 ἐπεὶ

123 2697 201 2781 γάρ,
230 2698 275 2773 ὡς
297 2698 334 2763 τὸ
358 2697 420 2763 ἀπὸ
444 2707 502 2781 τῆς
524 2700 596 2762 ΑΚ
615 2699 698 2784 πρὸς
720 2699 757 2763 τὸ
779 2697 845 2762 ὑπὸ
869 2707 936 2761 τῶν
958 2699 1039 2779 ΒΚ,
1063 2698 1137 2777 ΚΓ,

124 2802 230 2880 οὕτως
259 2804 295 2867 τὸ
325 2803 388 2868 ἀπὸ
416 2814 473 2888 τῆς
500 2808 568 2869 ΑΘ
594 2806 677 2891 πρὸς
704 2805 741 2869 τὸ
768 2803 834 2869 ὑπὸ
862 2813 929 2867 τῶν
955 2806 1036 2886 ΒΘ,
1066 2805 1136 2885 ΘΓ,

70 2921 105 2970 25
124 2908 196 2976 ἀλλ’
223 2911 268 2987 ὡς
293 2907 354 2994 μὲν
381 2912 419 2976 τὸ
446 2909 510 2976 ἀπὸ
537 2920 594 2995 τῆς
622 2914 694 2976 ΑΚ
712 2912 795 2997 πρὸς
818 2912 855 2975 τὸ
878 2910 943 2975 ὑπὸ
966 2919 1034 2973 τῶν
1057 2911 1137 2992 ΒΚ,

196 3174 289 3230 1.τὸν
307 3173 405 3245 ὐτόν]
424 3183 517 3230 των
498 3177 573 3230 αῶίιτ
575 3192 633 3230 νο,
717 3171 809 3264 3δε]
829 3173 909 3242 θήρ
988 3173 1137 3244 5.τῆς]ρ,

123 3247 227 3319 2ch.
315 3251 338 3300 7.
357 3246 431 3299 Ante
449 3251 503 3300 ΑΔ
522 3246 575 3301 del.
594 3247 644 3301 τὸν
664 3243 795 3301 ἃοθένο.
883 3249 924 3298 13
946 3244 1016 3314 ΘΖ]
1039 3245 1136 3311 ΖΘΡ.

140 3269 202 3373 ῃ16.
221 3321 284 3386 ΑΘ,
305 3318 374 3389 ΘΖ]
396 3318 457 3384 ΖΘ,
479 3320 570 3386 GAp.
648 3323 689 3372 17.
709 3316 781 3388 ὑπό]
801 3333 869 3370 corr.
890 3331 924 3369 ex
942 3313 1000 3368 ἀπό
1019 3332 1057 3368 m
1079 3321 1137 3382 lp.

159 3387 334 3444 τουτέστι-
352 3393 394 3443 18.
413 3389 487 3460 ΚΓ]
508 3405 602 3458 om.p.
676 3394 717 3442 19.
736 3385 913 3443 τουτέστι-
935 3386 1033 3474 ΘΓ]
1028 3383 1138 3453 ὡςᾶρα

123 3460 232 3516 τὸίιπὸ
250 3469 299 3531 τῆς
317 3464 373 3516 ΑΚ
393 3460 467 3550 πρὸς
485 3459 516 3513 τὸ
539 3460 611 3515 ὑπὸ
618 3468 674 3515 τῶν
693 3463 764 3526 ΗΚ,
783 3464 849 3527 ΚΑ,
876 3453 1001 3513 τουτέστι
1019 3476 1042 3512 π
1043 3453 1138 3526 ρὸςτὸ

12 3540 16 3551 ’
109 3530 168 3583 τίπὸ
187 3540 247 3587 των
263 3537 327 3602 ΒΚ,
343 3535 417 3602 ΚΓ,
432 3551 505 3588 ουτω
523 3531 555 3587 τὸ
574 3531 631 3588 ἀπὸ
650 3538 699 3602 τῆς
717 3502 771 3587 ΑΘ
789 3530 859 3599 πρὸς
876 3530 909 3584 τὸ
925 3527 981 3584 ὑπὸ
1000 3537 1058 3585 τῶν
1079 3529 1139 3595 ΖΘ,
