2430 3854
356 183 422 233 on
440 182 617 234 asemona
636 183 813 238 ommuni.
1054 185 1095 247 21

90 323 176 407 quod
213 329 245 388 et
281 326 322 389 ad
356 325 697 410 parallelogrammum
732 349 790 411 per
826 350 918 392 axem
954 329 1097 412 positum

88 430 352 514 perpendiculare
366 436 416 495 eat
430 436 463 496 et
477 453 680 496 communem
694 433 871 497 sectionem
884 434 919 497 in
929 435 1098 518 parallelo-

89 558 236 622 grammo
272 537 373 602 efficit
408 542 531 602 rectam
567 539 704 624 angulos
741 539 937 604 efficientem
968 543 1096 627 angulis

87 642 383 728 parallelogrammi
419 645 583 730 aequales,
618 628 752 710 basibus
790 651 898 736 autem
930 648 1098 731 parallelo·

90 749 229 834 grammi
246 771 313 815 non
330 750 528 836 parallelum,
546 751 646 816 sectio
666 751 805 817 circulus
824 753 899 839 erit,
918 753 1098 838 adpelletur

90 862 199 920 autem
222 857 298 921 talis
321 857 442 941 positio
465 858 554 941 plani
578 859 782 923 contraria.

661 1015 662 1018 η
737 965 781 1029 sit
818 965 980 1050 cylindrus
1016 967 1096 1031 obli-

578 1109 605 1160 Δ
670 1093 768 1156 quus,
804 1071 894 1136 cuius
928 1073 1097 1156 parallelo·

669 1199 851 1262 grammum
864 1200 922 1262 per
936 1201 1028 1243 axem
1038 1200 1096 1263 po·

668 1284 768 1347 situm
786 1285 829 1348 sit
848 1290 913 1348 ΑΔ
932 1285 972 1349 ad
990 1285 1095 1349 basim

666 1390 944 1476 perpendiculare,
971 1395 1097 1455 secetur

667 1498 776 1560 autem
804 1495 966 1579 cylindrus
995 1497 1094 1562 etiam

667 1602 731 1665 alio
750 1601 848 1684 plano
866 1606 985 1686 EZH,
1009 1603 1095 1687 quod

666 1713 699 1772 et
725 1708 833 1792 ipsum
863 1709 904 1773 ad
925 1709 1094 1793 parallelo-

667 1836 850 1900 grammum
870 1820 940 1879 ΑΔ
959 1836 1093 1898 perpen-

666 1920 807 1985 diculare
844 1920 888 1985 sit
924 1920 959 1985 in
991 1941 1093 2002 eoque

668 2049 870 2092 communem
916 2026 1093 2091 sectionem

667 2132 788 2198 efficiat
841 2136 965 2197 rectam
1019 2134 1098 2194 ΕΗ

121 2320 123 2323 v
666 2240 764 2304 rectis
805 2245 838 2303 A
846 2242 888 2320 B,
918 2241 983 2302 ΓΔ
1026 2259 1093 2300 non

88 2343 291 2429 parallelum,
313 2345 450 2429 angulos
474 2349 581 2408 autem
605 2345 799 2410 efficientem
821 2344 984 2429 aequales,
1010 2359 1013 2395 1

272 2455 598 2535 [HEA=EAB,
623 2454 914 2516 »ΕΗΒ--ΑΒΗ

90 2557 176 2643 dico,
199 2557 375 2622 sectionem
397 2561 505 2622 EZH
524 2580 593 2623 esse
617 2558 780 2623 circulum.

157 2668 303 2728 sumatur
330 2663 366 2727 in
391 2668 481 2729 recta
502 2669 576 2728 EH
594 2670 751 2748 punctum
775 2663 906 2746 aliquod
931 2668 973 2747 Θ,
1000 2668 1033 2727 et
1057 2663 1097 2727 ad

90 2772 162 2834 ΕΗ
199 2769 487 2855 perpendicularis*
515 2771 649 2835 ducatur
688 2775 749 2835 ΘΖ
789 2770 825 2834 in
860 2771 957 2853 plano
993 2774 1101 2834 ΕΖΗ

89 2876 210 2961 posita,
235 2880 298 2940 ΖΘ
318 2876 422 2961 igitur
444 2878 483 2941 ad
506 2877 638 2960 planum
657 2884 727 2942 ΑΛ
750 2876 1022 2962 perpendicularis
1046 2881 1096 2941 est

159 3103 192 3157 In
210 3103 260 3158 Vr
277 3105 424 3173 praeterea
445 3103 516 3157 haec
538 3104 628 3174 figura
651 3106 706 3173 est,
730 3104 779 3157 sed
867 3033 1088 3533 ΞΔ

87 3173 118 3236 in
141 3174 167 3228 V
191 3174 298 3243 deleta3
327 3174 358 3227 in
380 3193 398 3228 v
422 3174 572 3244 adscripsit
594 3194 629 3229 m.
653 3191 707 3230 rec.
730 3193 778 3229 πε-

87 3254 178 3312 ριττεῖ.
754 3279 755 3284 =
864 3247 894 3297 Κ

117 3429 132 3524 ’,
195 3431 197 3434 ’
286 3496 288 3500 ι
319 3430 320 3434 “
481 3487 502 3491 ff
739 3507 741 3509 ,
833 3459 869 3510 A.

921 3543 959 3589 ,N
