2430 3854
140 175 183 240 30
408 179 496 229 ΠΕΡΙ
514 175 729 228 ΚΤΔΙΝΔΡΟΤ
748 177 884 231 ΤΟΜΗΣ.

138 329 178 406 τῇ
211 325 292 388 ΛΠ.
348 321 521 405 διάμετρος
557 322 621 404 ἄρα
657 318 711 384 καὶ
748 319 767 402 ἡ
804 323 920 384 ΕΛΜ
951 328 1011 384 τοῦ
1049 325 1157 385 ΟΕΠ

138 429 270 493 κύκλου.
309 425 378 492 ἐπεὶ
397 424 458 494 οὖν
476 426 685 512 παράλληλός
704 425 793 490 έστιν
812 425 832 507 ἡ
851 423 912 510 μὲν
931 430 996 491 οΛ
1014 436 1054 511 τῇ
1076 431 1154 511 ΘΑ,

138 533 158 616 η
178 538 258 598 ΛΜ
275 531 312 598 δὲ
334 543 374 619 τῇ
397 533 477 616 ΛΞ,
500 532 520 615 η
544 534 607 618 ἄρα
625 533 690 597 ὑπὸ
709 545 776 598 τῶν
796 536 875 615 ΟΛ,
894 536 975 596 ΛΜ
987 537 1092 614 γωνία
1113 543 1153 620 τῇ

137 640 203 705 ὑπὸ
238 645 317 724 ΘΑ,
341 640 409 714 ΛΞ
436 647 489 723 ἴση
518 638 621 705 ἐστίν·
653 639 741 724 ὀρθὴ
769 642 833 726 ἄρα
859 637 915 704 καὶ
942 640 962 722 ἡ
989 638 1054 704 ὑπὸ
1083 651 1153 705 τῶν

103 750 218 830 σΟΛ,
242 750 325 810 ΛΜ.
373 745 393 828 η
421 749 487 810 ΕΛ
517 747 581 832 ἄρα
612 745 753 820 κάθετός
784 743 874 810 ἐστιν
906 744 959 809 ἐπὶ
991 748 1053 829 τὴν
1082 751 1156 810 ΟΠ

137 853 316 938 διάμετρον
338 861 398 916 τοῦ
422 853 558 917 κύκλου·
591 853 628 916 τὸ
652 853 716 937 ἄρα
738 851 802 916 ἀπὸ
825 860 883 934 τῆς
902 854 969 916 ΕΛ
988 858 1063 916 ἴσον
1081 850 1152 916 ἐστὶ

137 969 183 1048 τῷ
206 959 271 1024 ὑπὸ
297 962 376 1043 OA,
396 963 475 1023 ΛΠ.
514 957 584 1024 ἐπεὶ
607 956 644 1023 δέ
667 959 728 1023 ούκ
750 956 840 1022 ἐστιν
863 959 883 1042 ἡ
907 961 989 1042 τομὴ
1008 959 1153 1023 ὑπεναν-

138 1070 205 1151 τία,
237 1067 257 1151 η
286 1068 350 1150 ἄρα
376 1065 441 1130 ὑπὸ
470 1069 501 1129 Λ
508 1068 575 1130 οΓ
596 1068 702 1147 γωνία
729 1066 790 1128 ούκ
818 1064 908 1129 ἐστιν
936 1070 989 1148 ἴση
1017 1075 1057 1150 τῇ
1084 1064 1152 1130 ὑπὸ

139 1176 251 1238 ΟΓΛ·
275 1169 353 1236 οὐδὲ
376 1172 396 1255 η
421 1176 487 1237 OA
505 1173 569 1257 ἄρα
592 1172 707 1236 εὐθεῖα
730 1182 769 1256 τῇ
788 1174 853 1235 ΓΛ
872 1177 926 1255 λ’ση
945 1171 1047 1236 ἐστίν·
1071 1169 1152 1236 οὐδὲ

86 1298 119 1347 10
138 1281 175 1345 τὸ
198 1279 263 1344 ιἰτιὸ
285 1267 344 1361 τῆς
368 1283 433 1343 ΟΛ
456 1281 533 1365 ἄρα,
560 1276 708 1343 τουτέστι
732 1279 769 1343 τὸ
791 1278 857 1343 ὑπὸ
879 1289 947 1343 τῶν
971 1282 1047 1361 OA,
1069 1282 1152 1361 ΛΠ,

136 1395 182 1474 τῷ
205 1383 269 1450 ἀπὸ
293 1395 351 1469 τῆς
370 1389 449 1468 ΛΓ,
472 1383 621 1450 τουτέστι
639 1395 684 1472 τῷ
703 1385 768 1450 ὑπὸ
787 1395 855 1449 τῶν
874 1388 952 1467 ΓΛ,
972 1388 1054 1468 AA,
1075 1390 1151 1450 ἴσον

137 1491 235 1558 ἐστίν.
283 1492 366 1558 ιἰλλδι
393 1503 438 1580 τῷ
466 1493 531 1557 ὑπὸ
559 1504 626 1558 τῶν
654 1497 734 1574 ΟΛ,
759 1496 834 1556 ΛΠ
856 1492 892 1556 τὸ
917 1491 980 1555 ἀπὸ
1003 1500 1061 1575 τῆς
1083 1496 1152 1555 ΕΛ

137 1605 223 1664 λ’σον·
247 1600 284 1665 τὸ
308 1601 372 1684 ἄρα
396 1599 459 1664 ἀπὸ
482 1608 540 1682 τῆς
562 1603 628 1663 ΕΛ
651 1600 712 1663 ούκ
736 1598 804 1663 ἐστι
827 1607 872 1685 τῷ
895 1598 961 1662 ὑπὸ
984 1608 1050 1662 τῶν
1075 1601 1151 1681 ΓΛ,

136 1710 205 1771 ΛΛ
220 1712 303 1771 ἴσον.
336 1706 397 1771 οὐκ
415 1708 479 1791 ἄρα
497 1707 618 1781 κύκλος
635 1703 725 1770 έστὶν
743 1704 763 1787 η
779 1708 878 1769 ΓΕΔ
895 1706 989 1787 τομη“
1014 1702 1150 1787 ἐδείχθη

86 1830 119 1879 15
138 1812 185 1896 δέ,
208 1813 259 1878 ὅτι
282 1810 361 1877 οὐδὲ
384 1812 635 1897 εὐθύγραμμον·
660 1812 738 1896 ὅπερ
763 1813 829 1876 έδει
852 1809 964 1888 δεῖξαι.

201 1917 257 1984 καὶ
279 1919 535 2001 συνατιεδείχθη,
558 1917 609 1982 ὅτι
632 1917 652 2000 ἡ
676 1919 737 2001 την
756 1921 821 1982 ΓΛ
844 1917 880 1982 έν
898 1927 938 2002 τῇ
956 1927 1039 2003 τομῇ
1057 1918 1148 2003 παρὰ

136 2029 197 2110 τὴν
217 2029 289 2089 ΖΗ
309 2026 528 2109 διχοτομοῦσα
551 2023 668 2088 εὐθεῖα
687 2029 740 2107 ἴση
760 2021 829 2089 ἐστὶ
847 2034 887 2108 τῇ
905 2023 1069 2111 διαμέτρῳ
1088 2033 1148 2108 τῆς

135 2133 269 2217 βάσεως.

624 2255 659 2320 ι’.

82 2397 116 2446 20
199 2381 296 2447 ’Λλλδι
315 2384 356 2466 δὴ
375 2383 412 2446 τὸ
427 2380 547 2465 τέμνον
561 2380 717 2446 ἐπίπεδον
731 2377 871 2463 τεμνέτω
885 2377 940 2443 καὶ
953 2380 1011 2454 τὰς
1024 2379 1149 2463 βάσεις,

135 2490 196 2573 τὴν
223 2485 284 2573 μέν
310 2495 342 2553 Λ
369 2488 468 2573 ῥύσιν
495 2498 534 2573 τῇ
563 2490 626 2551 ΓΕ
652 2487 781 2573 εὐθείᾳ,
808 2487 869 2570 τὴν
892 2482 929 2550 δὲ
951 2489 980 2548 Β
1003 2494 1042 2570 τῇ
1068 2490 1147 2570 ΖΗ,

134 2592 189 2659 καὶ
217 2596 273 2659 διὰ
300 2603 360 2659 τοῦ
388 2600 421 2659 A
446 2595 541 2677 ἤχθω
564 2594 705 2669 κάθετος
732 2591 785 2658 §A
813 2594 873 2677 τὴν
901 2591 1005 2674 ΓΕη
1032 2597 1146 2678 ΘΑΛ,

134 2699 189 2766 καὶ
212 2701 268 2765 διδι
290 2710 348 2784 τῆς
368 2705 434 2764 ΘΛ
452 2697 629 2785 διαμέτρου
648 2697 702 2764 καὶ
721 2708 781 2764 τοῦ
800 2697 916 2776 ἄξονος
934 2698 1147 2784 ἐκβεβλήσθω

135 2807 301 2891 έτιίττεδον,
320 2806 337 2871 ὃ
356 2818 447 2871 ποιεῖ
461 2809 566 2890 τομὴν
584 2807 621 2871 τὸ
638 2810 706 2870 ΘΚ
716 2808 1069 2892 παραλληλόγραμμον,
1087 2815 1147 2890 της

82 2925 116 2974 25
134 2911 172 2978 δὲ
201 2919 265 2978 ZE
290 2922 391 2998 τομῆς
417 2911 472 2978 καὶ
499 2921 559 2977 τοῦ
589 2916 657 2976 ΘΚ
679 2912 1022 3000 παραλληλογράμμου
1049 2914 1146 2996 κοινὴ

134 3022 216 3104 τομὴ
240 3022 260 3105 ἡ
285 3024 368 3085 ΛΜ.
406 3017 475 3085 ἐπεὶ
498 3016 619 3086 οὖντὸ
645 3024 708 3084 ΖΕ
730 3019 885 3084 έτίκεδον
908 3019 983 3082 οὔτε
1006 3019 1062 3082 διδι
1084 3028 1146 3084 τοῦ

135 3163 344 3174 ——..——..

119 3272 126 3286 ·
206 3256 229 3304 1.
249 3247 392 3319 ἅρα]έιρα
412 3245 512 3317 &wip
586 3244 759 3318 ΛΜδε]
778 3246 836 3314 Vc
856 3242 887 3299 δε
906 3250 1012 3315 AMp
1074 3266 1112 3300 τω
1097 3249 1143 3319 ν]

134 3335 186 3374 om.
206 3338 232 3389 p.
308 3270 371 3374 ΟΛρ
359 3319 457 3390 ‚AM]
478 3266 633 3461 OAMp.]
683 3324 707 3373 4.
726 3317 865 3408 pamm]
884 3317 939 3371 ύιιὸ
959 3326 996 3371 τῶ
975 3338 1014 3371 ων
1032 3317 1143 3386 Halley.

72 3400 74 3419 ²
171 3394 226 3460 ΘΑ,
243 3391 311 3462 ΛΞ]
300 3391 454 3462 ]ΘΑ,Ξ’μ.
547 3389 633 3461 έίστν]
652 3386 737 3444 έίστν·
762 3384 997 3478 δρθὴδὲὴύτὸ
1019 3390 1143 3458 ΘΛΞρ.

72 3502 75 3507 -
168 3471 205 3517 τω
207 3484 223 3517 ν
244 3465 302 3530 OA,
319 3467 343 3516 A
417 3465 549 3530 OAMp.
613 3465 637 3515 6.
655 3460 717 3531 τοῦ]
706 3460 785 3531 ]τοῦ
806 3462 938 3528 OEHp.
1005 3464 1028 3514 ⁷.
1048 3460 1144 3532 “MP

122 3477 1144 3603 rdVe.13nd]a‹>voevpPostwpvjaddssc.Mor]
