2444 3856
130 184 194 247 288
446 184 533 233 ΠΕΡΙ
551 181 678 233 Κωαον
697 181 833 233 νοΜΗΣ.

130 328 235 403 οὕτως
257 326 277 409 ἡ
301 331 367 390 ΒΘ
389 326 503 390 εὐθεῖα
527 326 610 411 πρὸς
632 325 694 408 τὴν
716 329 802 406 ΑΗ,
827 330 881 407 ίση
904 319 941 387 δὲ
964 321 984 404 ἡ
1004 326 1082 385 ΑΗ
1100 329 1140 405 τῇ

132 436 208 517 ΘΚ,
230 433 275 510 ὡς
293 435 357 520 ἄρα
375 433 393 497 6
413 434 552 496 ΑΗΓΛ
569 442 675 507 κῶνος
693 431 776 517 πρὸς
793 432 852 495 τὸν
870 435 899 495 Β
907 432 1014 511 ΘΕΖ,
1034 428 1141 505 οὕτως

129 539 149 622 ἡ
168 544 233 604 ΒΘ
252 539 367 605 εὐθεῖα
384 540 468 625 πρὸς
486 540 547 622 τὴν
563 541 641 622 ΘΚ,
660 535 829 602 τουτέστιν
848 535 865 600 6
880 540 1014 600 ΒΘΕΖ
1032 545 1140 613 κῶνος

129 648 211 732 πρὸς
242 647 301 710 τὸν
328 649 476 710 ΚΘΕΖ·
510 644 527 709 6
561 645 624 729 ἄρα
651 640 799 731 ΑΗῙΓΔ
830 654 936 718 κῶνος
967 643 1050 728 πρὸς
1081 643 1140 708 τὸν

94 756 265 816 οΚΘΕΖ
293 751 491 816 διπλασίονα
518 753 618 833 λόγον
646 751 711 832 ἔχει
738 750 821 835 ἥπερ
849 749 866 813 6
895 753 1029 813 ΒΘΕΖ
1057 751 1140 834 πρὸς

128 859 188 923 τὸν
219 861 355 923 ΚΘΕΖ
391 867 509 923 κῶνον.
564 853 637 921 ἀλλ’
668 855 713 932 ὡς
748 855 766 920 6
799 858 932 919 ΒΘΕΖ
964 856 1048 940 πρὸς
1080 857 1139 920 τὸν

128 967 278 1049 ΚΘΕΖ,
305 963 411 1040 οὕτως
437 964 474 1028 ιδ
498 967 596 1028 ΒΕΖ
624 966 789 1048 τρίγωνον
811 963 894 1047 πρὸς
916 962 953 1026 τὸ
976 965 1091 1026 ΚΕΖ·
1122 963 1139 1028 6

129 1072 192 1155 ἄρα
215 1075 354 1135 ΑΗΓΔ
380 1071 463 1152 πρὸς
485 1071 544 1134 τὸν
567 1072 602 1133 Κ
607 1073 703 1134 ΘΕΖ
727 1069 925 1132 διπλασίονα
948 1070 1050 1150 λόγον
1073 1072 1140 1153 ἔχει

128 1178 210 1261 ἥπερ
243 1179 280 1242 τὸ
309 1180 407 1241 ΒΕΖ
437 1179 601 1262 τρίγωνον
627 1177 710 1263 πρὸς
738 1176 774 1239 τὸ
802 1177 912 1239 ΚΕΖ.
962 1178 1028 1258 ἔχει
1057 1172 1094 1240 δὲ
1122 1176 1139 1241 6

77 1296 111 1345 10
131 1287 268 1348 ΑΗΓΔ
312 1294 418 1359 κῶνος
462 1284 544 1367 πρὸς
588 1282 647 1347 τὸν
688 1285 823 1346 ΚΘΕΖ
867 1282 990 1364 ἰσοϋψῆ
1029 1294 1140 1347 κῶνον

130 1390 328 1453 διπλασίονα
355 1391 456 1471 λόγον
480 1386 618 1453 καὶτοῦ
641 1387 680 1453 ὃν
704 1390 769 1471 ἔχει
792 1389 829 1452 τὸ
852 1391 951 1452 ΑΓΔ
974 1392 1140 1470 τρίγωνον

129 1497 211 1581 πρὸς
231 1497 268 1560 τὸ
288 1498 402 1578 ΚΕΖ,
426 1494 470 1571 ὡς
488 1494 621 1578 ἐδείχθη
641 1492 677 1558 ἐν
695 1503 740 1582 τῷ
759 1495 823 1580 πρὸ
842 1492 915 1569 ἑνὸς
933 1496 1138 1579 θεωρήματι·

130 1602 174 1677 ὡς
201 1603 265 1687 ἄρα
291 1603 328 1665 τὸ
352 1604 449 1665 ΒΕΖ
477 1604 641 1687 τρίγωνον
663 1602 747 1687 πρὸς
768 1601 805 1665 τὸ
830 1603 943 1683 ΚΕΖ,
973 1599 1079 1676 οὕτως
1101 1602 1138 1665 τὸ

129 1711 228 1772 ΑΓΛ
246 1711 409 1792 τρίγωνον
427 1708 510 1793 πρὸς
527 1708 564 1771 τὸ
579 1711 688 1772 ΚΕΖ.
725 1709 761 1772 τὸ
781 1709 845 1791 ἄρα
858 1710 958 1771 ΑΓΛ
974 1711 1140 1792 τρίγωνον

78 1826 110 1874 15
129 1823 174 1902 τῷ
198 1819 295 1879 ΒΕΖ
319 1820 392 1879 ίσον
416 1813 519 1878 ἐστίν·
543 1812 560 1877 6
584 1813 752 1898 προέκειτο
776 1811 887 1890 δείξαι.

607 1989 662 2068 ξε’.

195 2103 263 2170 Καὶ
290 2105 348 2170 ε’διν
373 2106 412 2169 τὰ
436 2105 492 2169 διὰ
514 2113 575 2169 τοῦ
598 2103 715 2182 ἄξονος
738 2108 883 2191 τρίγωνα
907 2111 962 2169 ίσα
985 2104 1140 2188 ἀλλήλοις

129 2205 165 2298 ᾗ,
189 2211 470 2277 ἀντιπεπόνθασιν
493 2213 528 2275 οί
548 2222 650 2276 κῶνοι
673 2223 742 2286 τοῖς
765 2209 887 2288 ἅξοσιν.

195 2317 385 2384 ὑποκείσθω
427 2318 489 2403 γὰρ
531 2318 568 2382 τὸ
609 2320 709 2381 ΑΓΔ
749 2320 912 2402 τρίγωνον
953 2327 998 2404 τῷ
1040 2323 1138 2383 ΒΕΖ

76 2446 111 2495 20
128 2425 278 2512 τριγώνῳ
303 2429 377 2489 ἴσον
400 2419 494 2490 εἶναι.
539 2425 638 2508 λέγω,
667 2424 731 2508 ὅτι,
759 2423 804 2500 ὡς
827 2421 844 2487 6
868 2427 1008 2487 ΑΗΓΛ
1031 2435 1139 2501 κῶνος

129 2531 212 2616 πρὸς
239 2531 297 2595 τὸν
321 2535 468 2617 ΒΘΕΖ,
495 2532 601 2608 οὕτως
628 2531 646 2596 6
670 2535 736 2595 ΒΘ
760 2527 848 2606 ἄξων
870 2529 953 2615 πρὸς
975 2529 1034 2592 τὸν
1057 2534 1139 2594 ΑΗ.

197 2634 250 2700 ἐπὶ
282 2639 345 2721 γὰρ
378 2647 436 2721 τῆς
468 2637 570 2721 αὐτῆς
600 2643 813 2722 καταγραφῆς
844 2633 899 2700 καὶ
926 2645 1139 2719 κατασκευῆς,

130 2739 198 2806 ἐπεί
221 2743 259 2806 τὸ
282 2745 381 2807 ΑΓΔ
403 2747 567 2828 τρίγωνον
588 2752 634 2831 τῷ
658 2746 756 2807 ΒΕΖ
780 2747 854 2806 ίσον
877 2740 980 2824 ἐστίν,
1005 2741 1051 2817 ὡς
1073 2740 1139 2828 ἄρα

200 2896 224 2945 5.
245 2890 378 2961 ΚΘΕΖ]
397 2893 514 2946 ΚΘΕΖ
531 2899 623 2945 κῶνον
640 2889 674 2945 V.
747 2886 927 2961 διπλασίονα]
945 2907 972 2958 p,
999 2905 1088 2958 comp.
1104 2891 1137 2958 V,

128 2967 160 3017 ut
177 2962 257 3030 εοΙολ,
277 2959 424 3016 διπλάσιον
438 2979 464 3015 v.
519 2967 544 3017 6.
563 2963 667 3033 κῶνον]
687 2977 739 3018 om.
754 2978 781 3031 p.
837 2962 962 3032 ΒΘΕΖ]
976 2978 1003 3028 v,
1024 2964 1139 3016 ΒΘΕΖ

129 3044 218 3096 κῶνος
236 3033 293 3103 Vp.
368 3038 392 3087 7.
411 3033 544 3103 ΚΘΕΖ]
562 3034 678 3087 ΚΕΘΖ
696 3041 789 3087 κῶνον
807 3031 840 3088 V.
919 3036 944 3086 8.
964 3032 1092 3102 ΑΗΓΔ]
1111 3050 1138 3100 v,

128 3109 239 3159 ΑΗΓΔ
257 3113 347 3166 κῶνος
365 3103 420 3173 Vp.
481 3102 542 3175 τόν]
564 3103 618 3173 Vp,
636 3111 685 3158 τοῦ
704 3122 730 3158 v.
803 3108 844 3158 10.
864 3102 945 3173 πρός]
963 3101 1021 3170 Vp,
1042 3119 1095 3156 om.
1111 3121 1138 3157 v.

165 3182 206 3230 11,
225 3174 291 3248 καί]
309 3195 336 3245 v,
356 3174 480 3244 om.Vp.
554 3179 595 3229 15.
614 3178 748 3246 τῷΒΕΖ
766 3173 818 3264 16]
837 3173 1011 3243 Vp‚inras.
1026 3179 1136 3228 m.1v.

165 3244 179 3300 6
199 3245 343 3316 προέκειτο
362 3247 463 3318 δεῖξαι]
481 3264 507 3314 v,
527 3262 580 3300 om.
596 3245 652 3314 Vp.
708 3251 750 3299 16.
770 3245 824 3316 ξε]
843 3260 896 3300 om.
910 3244 967 3313 Vv,
987 3243 1030 3314 ξγ’
1044 3262 1072 3312 p,
1092 3244 1137 3308 ξδ’

128 3336 165 3372 m.
188 3335 242 3373 rec.
266 3319 299 3373 V.
398 3323 440 3371 20.
468 3317 592 3390 τριγώνῳ
615 3348 651 3356 -
673 3322 715 3372 23.
740 3317 838 3387 BEZ]
865 3315 911 3369 bis
933 3333 964 3384 p,
994 3315 1044 3368 sed
1068 3331 1138 3369 corr.

161 3395 202 3444 20.
220 3387 276 3461 ὅτι]
290 3407 315 3458 v,
336 3387 378 3443 ὅτι
392 3386 466 3443 ἐστίν
479 3388 536 3457 Vp.
592 3394 634 3444 21.
654 3388 779 3468 ΒΘΕΖ]
793 3405 819 3455 v,
839 3389 953 3442 ΒΘΕΖ
966 3395 1060 3440 κῶνον
1079 3387 1137 3454 Vp.

147 3464 191 3514 23,
213 3462 318 3534 BEZ]
338 3460 397 3533 Vp,
428 3463 456 3517 Ε
478 3457 596 3517 sustulit
612 3457 794 3515 resarciam
812 3457 845 3511 in
860 3475 887 3512 τ.
962 3458 998 3519 ὡς
1017 3456 1086 3529 ἄρα]
1110 3476 1137 3526 v,

97 3525 179 3582 ἔστιν
197 3530 260 3600 ν’ίροι
278 3535 318 3599 ὡς
339 3535 396 3607 ΚΡ,
