2430 3854
120 180 186 246 264
435 183 523 233 ΠΕΡΙ
540 181 669 233 νόμον
687 181 822 233 νοΜΗΣ.

124 326 295 410 τεσσάρων
309 323 485 409 τμημάτων
499 322 654 409 μέγιστον
668 321 729 408 μὲν
742 326 833 389 ἔσται
847 325 884 389 τὸ
894 333 953 408 τῆς
963 324 1138 402 ἐλάττονος

121 436 234 518 μεῖζον
256 440 380 516 τμῆμα,
403 429 576 515 ἐλάχιστον
599 427 636 495 δὲ
658 431 696 495 τὸ
720 432 864 495 ἔλαττον.

191 541 338 604 ἔστωσαν
379 537 507 602 εύθείαι
549 538 610 602 δύο
653 538 763 602 άνισοι
804 538 841 601 αί
878 541 996 621 ΑΒΓ,
1036 544 1135 603 ΔΕΖ

123 642 318 730 διῃρημέναι
335 643 418 708 κατδι
436 644 476 708 τὰ
495 647 523 707 Β
542 640 596 707 καί
614 648 647 708 E
663 655 790 728 σημεῖα,
809 644 891 709 ὥστε
910 645 973 728 τὴν
992 642 1056 729 μὲν
1068 651 1135 710 ΛΒ

87 763 104 811 5
123 760 181 835 της
203 755 267 815 ΕΖ
294 752 427 834 μείζονα
455 743 555 833 εἶναι,
582 751 643 834 την
666 746 703 814 δὲ
725 755 792 815 AB
814 759 872 833 τῆς
896 754 965 815 ΒΓ
982 752 1027 835 μὴ
1053 746 1133 816 εἶναι

123 857 295 940 ἐλάσσονα,
318 853 373 921 καί
396 857 515 940 μείζων
537 851 598 940 μὲν
621 857 704 921 ἔστω
729 857 800 940 ij
806 859 838 921 Γ
855 865 913 940 τῆς
931 862 966 921 Α
972 862 1014 941 Ζ,
1039 859 1080 922 τά
1100 855 1132 922 δὲ

123 964 187 1030 άπδ
210 974 278 1028 τῶν
300 967 381 1046 ΑΒ,
406 965 473 1026 ΒΓ
490 961 678 1048 τετράγωνα
701 974 770 1039 τοῖς
794 961 858 1028 άπὸ
880 974 948 1029 τῶν
968 968 1052 1047 ΔΕ,
1074 940 1133 1028 ΒΖ

122 1070 341 1156 τετραγώνοις
365 1075 428 1134 ίσα.
474 1066 575 1152 λέγω,
599 1068 739 1133 ὅτιτῶν
762 1073 843 1153 ΑΒ,
867 1072 942 1153 ΒΓ,
966 1075 1050 1154 ΔΕ,
1074 1074 1132 1134 ΕΖ

124 1177 267 1243 εὐθειῶν
290 1178 425 1260 μεγίστη
448 1174 509 1259 μέν
532 1174 622 1240 ἐστιν
645 1173 665 1257 η
685 1180 767 1258 ΔΕ,
791 1175 942 1260 ἐλαχίστη
967 1172 1005 1240 δὲ
1023 1175 1044 1258 ἡ
1064 1181 1131 1241 ΕΖ.

73 1296 107 1344 10
192 1284 287 1367 ἤχθω
310 1283 393 1368 πρὸς
416 1280 523 1366 ὀρθάς
545 1289 584 1366 τῇ
603 1286 635 1345 Α
642 1284 673 1345 Γ
691 1281 711 1364 η
730 1285 803 1345 ΒΗ
824 1287 877 1365 ἴση
901 1278 986 1347 ούσα
1004 1291 1045 1366 τῇ
1065 1285 1131 1364 ΒΓ,

124 1387 179 1454 καὶ
203 1388 386 1472 ἐπεζεύχθω
410 1386 430 1470 η
453 1391 536 1471 ΑΗ,
559 1384 712 1473 καὶπερὶ
735 1389 771 1452 τὸ
793 1391 904 1452 ΑΒΗ
923 1387 1132 1474 ὀρθογώνιον

127 1495 309 1581 γεγράφθω
341 1493 546 1579 ἡμικύκλιον.
597 1491 665 1558 ἐπεὶ
698 1490 760 1560 οὖν
791 1493 811 1576 ἡ
839 1498 905 1558 ΑΒ
933 1495 1052 1560 εὐθεῖα
1082 1505 1133 1578 της

125 1605 199 1666 ΒΗ
218 1601 280 1665 ούιι
299 1600 388 1666 ἐστιν
407 1600 564 1684 ἐλάττων,
588 1597 643 1664 καὶ
661 1598 681 1682 ἡ
700 1605 733 1664 A
738 1604 766 1664 Β
785 1601 849 1686 άρα
867 1600 1063 1687 περιφέρεια
1081 1611 1133 1685 της

126 1711 200 1771 ΒΗ
219 1708 280 1771 ούιι
304 1706 394 1772 ἐστιν
415 1706 571 1773 ἐλάττων·
594 1706 615 1790 η
635 1708 699 1792 άρα
721 1715 779 1789 της
797 1710 909 1771 ΑΒΗ
926 1712 1133 1795 περιφερείας

71 1828 105 1876 16
126 1816 297 1899 διχοτομία
324 1816 397 1897 ἤτοι
425 1815 507 1878 κατά
529 1814 566 1878 τὸ
591 1817 619 1877 Β
643 1815 733 1878 ἔσται
756 1811 776 1896 ἢ
801 1811 853 1878 ἐπὶ
875 1823 933 1897 της
956 1818 1023 1878 AB
1048 1837 1133 1900 περι-

125 1924 269 2007 φερείας,
288 1912 361 1986 οἷον
377 1921 461 1985 κατά
479 1924 516 1984 Θ.
553 1919 571 1985 δ
590 1921 655 2005 άρα
672 1919 797 2008 κέντρφ
816 1917 877 2005 μὲν
895 1930 934 2006 τῇ
953 1921 1135 2007 διχοτομία,

125 2029 320 2112 διαστήματι
357 2023 394 2091 δὲ
430 2026 641 2114 δποτερφοῦν
677 2038 744 2092 τῶν
778 2034 824 2111 Α,
856 2031 895 2090 H
927 2030 1135 2112 γραφόμενος

125 2135 245 2210 κύκλος
267 2132 336 2218 ἥξει
358 2130 413 2198 καὶ
437 2132 493 2197 διά
511 2141 571 2197 τοῦ
592 2136 628 2216 Γ,
652 2133 698 2208 ὡς
714 2135 929 2219 προεδείχθη·
953 2134 1134 2219 γεγράφθω

125 2237 188 2306 οὖν
214 2237 269 2305 καί
297 2243 379 2306 ἔστω
408 2239 426 2305 ὁ
450 2242 599 2304 ΑΚΓΗ.
646 2236 715 2304 ἐπεὶ
743 2235 805 2306 οὖν
832 2240 869 2305 τὸ
898 2239 961 2303 άπὸ
989 2248 1048 2322 τῆς
1072 2244 1136 2303 ΔΖ

71 2360 106 2408 20
125 2350 235 2433 μεῖζόν
265 2346 334 2412 ἐστι
361 2357 428 2412 τῶν
450 2345 514 2410 άπὸ
537 2350 619 2428 ΔΒ,
646 2350 725 2429 ΕΖ,
752 2346 793 2410 τά
816 2342 853 2410 δὲ
876 2345 939 2410 άπὸ
963 2357 1031 2409 τῶν
1056 2351 1137 2429 ΛΕ,

125 2459 188 2519 ΕΖ
217 2460 272 2520 ίσα
298 2463 344 2542 τῷ
373 2451 436 2517 άπὸ
464 2461 522 2536 τῆς
544 2456 631 2536 ΑΗ,
659 2449 714 2517 καὶ
742 2453 779 2517 τὸ
807 2450 870 2516 άπὸ
897 2460 955 2535 τῆς
978 2456 1046 2515 ΛΖ
1075 2454 1137 2538 άρα

126 2559 237 2645 μεῖζόν
262 2560 331 2625 ἐστι
354 2567 414 2625 τοῦ
438 2558 501 2623 άπὸ
525 2568 583 2642 τῆς
605 2562 690 2623 ΑΗ·
719 2561 837 2643 μείζων
859 2560 923 2644 άρα
946 2557 966 2640 ἡ
990 2562 1058 2621 ΔΖ
1082 2567 1138 2641 της

125 2670 206 2731 ΑΗ.
244 2665 387 2732 ἐλάττων
410 2662 447 2730 δὲ
464 2663 485 2747 η
505 2671 538 2730 Δ
544 2670 572 2729 Ζ
591 2674 648 2750 τῆς
666 2668 746 2730 ΑΓ·
770 2665 916 2729 δυνατὸν
934 2665 999 2750 άρα
1017 2663 1137 2747 μεταξὺ

125 2782 194 2836 τῶν
216 2778 248 2835 Α
254 2775 295 2855 Γ,
322 2775 400 2836 ΑΗ
423 2772 565 2837 εὐθειῶν
589 2771 768 2857 ἐναρμόσαι
790 2780 836 2858 τῷ
859 2773 1008 2835 ΑΚΓΗ
1026 2770 1137 2857 κύκλῳ

72 2891 107 2940 25
127 2877 265 2943 εὐθεῖαν
303 2883 378 2960 ίσην
414 2886 453 2962 τῇ
491 2882 566 2943 ΔΖ.
621 2876 817 2962 ἐνηρμόσθω
854 2876 875 2960 ἡ
913 2883 945 2940 Α
951 2880 1041 2960 ΛΜ,
1084 2874 1139 2941 καὶ

126 2985 311 3069 ἐπεζεύχθω
339 2983 359 3067 η
388 2987 471 3048 AH·
504 2990 557 3068 ίση
586 2985 650 3070 άρα
677 2985 733 3049 διὰ
760 2985 801 3049 τά
828 2981 1089 3069 προδεδειγμένα
1118 2981 1138 3065 ἡ

198 3184 221 3233 6.
242 3174 340 3248 μείζων
340 3177 402 3249 ]p‚
427 3175 572 3257 μεῖζονῖί.
659 3181 684 3231 9.
709 3176 794 3249 ἐστιν]
816 3175 935 3246 ἔσταιρ.
1010 3173 1109 3300 έίαχί

127 3246 175 3321 δέ]
193 3266 250 3320 rep.
265 3267 321 3320 mg
336 3267 372 3303 m.
387 3264 441 3303 rec.
455 3247 482 3302 V
501 3245 751 3303 sinenecessitate.
807 3253 849 3302 13
864 3247 990 3316 ναὶὴ-
956 3253 1036 3301 -14
1075 3245 1139 3300 λάτ-

125 3322 366 3463 τωύάιτιιῦιῗ]μέεάτΗΓ
386 3337 422 3373 m
442 3325 521 3445 111)6.
547 3317 728 3460 ffllibdoa]
704 3319 788 3390 μω
802 3337 851 3444 Η).
871 3316 1093 3460 ούν15εᾷδῖοιάωύ
1111 3336 1139 3458 B.

157 3469 198 3517 24
217 3462 294 3536 ΑΗ]
277 3462 332 3536 ]ν
354 3408 486 3535 ,plaouna
505 3388 740 3532 άόεοωρωοωΗ
810 3466 856 3514 96
873 3460 928 3527 ἄρα
927 3390 1017 3530 ηάρά
1034 3457 1137 3529 ἐστίρ.

143 3535 322 3609 πεοδέδειγμ
337 3538 391 3613 voc]
410 3556 469 3611 η),
492 3557 509 3611 γ
531 3551 621 3608 supra
639 3550 693 3589 sot
709 3549 750 3587 m
768 3529 825 3584 &V

1090 3193 1138 3244 στη
