2430 3854
137 157 200 218 130
450 159 536 208 ιιιιΡι
554 156 683 207 Κειιιου
700 157 836 208 ΤοιιΗΣ.

134 307 199 365 εἴτε
217 302 272 364 διὰ
290 310 350 365 τοῦ
368 299 508 385 κέντρου
528 296 611 366 οὖσοι
631 307 694 365 εἴτε
713 302 765 384 μή.
803 298 898 382 λέγω,
922 299 973 364 ὅτι
993 300 1030 363 τὸ
1048 304 1144 364 ΑΓΔ

133 416 193 471 τοῦ
216 412 320 472 ΑΖΔ
343 410 453 492 μεῖζόν
476 407 575 473 ἐστιν.
1013 488 1017 496 Ι

59 500 62 505 ’
199 516 358 597 ἤχθωσαν
386 512 438 578 έττὶ
466 516 524 590 τὰς
547 518 623 596 ZA,
647 517 707 578 ΓΔ
734 513 870 577 κάθετοι
898 513 936 576 αἱ
961 517 1040 596 ΑΒ,
1065 518 1143 596 ΑΗ,

133 619 186 685 ἐπὶ
209 618 246 685 δέ
264 623 325 704 τὴν
343 627 408 685 ΑΔ
431 620 451 702 ἡ
470 625 544 685 ΒΘ.
577 618 646 685 έττεὶ
665 616 727 685 οὖν
745 620 765 703 ἡ
786 622 846 683 ΓΔ
868 628 927 702 τῆς
946 623 1009 682 ΖΔ
1027 624 1143 703 μείζων

97 727 216 810 οέστί,
243 726 298 792 καὶ
326 727 346 810 ἡ
375 727 505 812 ἡμίσεια
532 729 596 812 ἄρα
621 726 641 809 ἡ
666 731 734 790 ΒΔ
761 735 819 810 τῆς
840 730 917 794 AH
941 729 1076 809 μείζων·
1108 730 1141 792 τὸ

132 835 195 899 ιἰττὸ
220 839 286 899 ΒΔ
315 837 379 919 ἄρα
406 844 472 910 του
494 833 558 899 ἀπὸ
581 838 659 897 ΔΗ
681 836 791 917 μεῖζόν
814 832 891 898 έστι.
938 835 1059 898 λοιττὸν
1083 835 1142 918 ἄρα

130 943 167 1006 τὸ
191 940 254 1006 ἀπὸ
275 946 337 1005 ΒΑ
359 947 478 1006 λοιποῦ
501 950 561 1005 τοῦ
584 939 648 1004 ιἰττὸ
667 944 744 1005 ΑΗ
763 942 897 1004 ἔλαττόν
916 937 999 1003 ἐστι·
1024 942 1063 1004 τὸ
1082 943 1141 1024 ἄρα

131 1048 194 1112 ἀπὸ
219 1053 284 1113 ΑΒ
312 1050 395 1133 πρὸς
418 1050 454 1113 τὸ
478 1049 542 1113 ἀπὸ
566 1053 633 1112 ΒΔ
662 1047 819 1113 έλοέττονοι
847 1051 948 1131 λόγον
971 1053 1038 1133 ἔχει
1062 1054 1140 1135 ἥπερ

130 1157 167 1219 τὸ
191 1155 254 1220 ἀιτὸ
279 1160 354 1219 ΑΗ
378 1158 460 1241 πρὸς
483 1157 520 1219 τὸ
544 1154 607 1219 ἀπὸ
631 1157 712 1219 HA.
762 1154 835 1222 ἀλλ’
857 1156 901 1233 ὡς
926 1157 963 1220 τὸ
989 1157 1053 1222 ἀπὸ
1079 1163 1141 1223 ΑΒ

78 1278 111 1325 10
129 1264 213 1347 πρὸς
235 1264 272 1327 τὸ
296 1262 359 1327 ἀπὸ
383 1267 460 1346 ΒΔ,
484 1262 590 1338 οὕτως
607 1261 631 1344 ἡ
656 1267 725 1326 ΑΘ
746 1264 829 1347 πρὸς
854 1267 928 1327 ΘΔ·
952 1263 1009 1328 καὶ
1032 1265 1052 1348 ἡ
1077 1269 1141 1329 ΑΘ

129 1371 194 1453 ἄρα
216 1370 300 1453 πρὸς
325 1373 387 1433 ΘΔ
413 1368 570 1434 ἐλάττονα
598 1372 698 1452 λόγον
727 1371 791 1452 ἔχει
814 1371 896 1454 ἥπερ
920 1372 957 1434 τὸ
982 1371 1047 1436 ἀπὸ
1072 1377 1144 1437 ΑΗ

128 1477 211 1559 πρὸς
233 1476 270 1538 τὸ
295 1474 358 1538 ιἰτιὸ
382 1479 463 1538 HA.
505 1475 664 1559 γενέσθω,
688 1476 732 1553 ὡς
754 1477 791 1541 τὸ
816 1476 879 1541 ἀπὸ
902 1480 980 1542 ΑΗ
998 1481 1084 1564 πρὸς
1105 1482 1140 1545 τὸ

130 1580 192 1644 ἀπὸ
217 1585 305 1663 ΗΔ,
333 1581 438 1656 οὕτως
465 1581 485 1664 ἡ
510 1586 581 1646 ΑΚ
604 1584 687 1667 πρὸς
715 1586 798 1666 KA,
825 1582 880 1648 καὶ
907 1582 1094 1670 ἐπεζεύχθω
1121 1588 1140 1670 ἡ

128 1692 215 1753 ΗΚ·
249 1688 389 1763 κάθετος
416 1688 480 1772 ἄρα
506 1687 575 1753 ἐστὶ
601 1687 657 1753 καὶ
679 1688 699 1770 ἡ
723 1693 799 1755 HK
823 1688 876 1754 ε’ττὶ
898 1692 960 1773 τὴν
983 1698 1070 1776 ΑΔ,
1098 1694 1141 1769 ὡς

75 1810 108 1856 15
128 1795 346 1879 δειχθήσεται.

193 1901 249 1967 καὶ
277 1900 345 1967 ε’τιεὶ
372 1902 542 1967 ὑπόκειται
570 1902 650 1984 ἡΑ
656 1906 684 1967 Β
712 1913 770 1987 τῆς
797 1908 865 1970 BA
897 1904 958 1968 οὐκ
985 1904 1139 1989 ἐλάττων,

126 2010 199 2091 ἤτοι
227 2012 345 2093 μείζων
373 2008 463 2073 ἐστὶν
485 2009 505 2092 ἡ
530 2014 594 2074 ΑΒ
622 2019 680 2092 τῆς
703 2014 770 2073 BA
797 2009 817 2093 ἢ
843 2017 905 2093 ἴση.
953 2014 1036 2076 ἔστω
1060 2017 1138 2098 πρό-

126 2139 223 2200 τερον
241 2119 370 2200 μείζων·
391 2119 508 2200 μείζων
522 2118 586 2201 ἄρα
602 2115 657 2180 καὶ
671 2116 691 2199 ἡ
707 2124 738 2181 Α
747 2122 775 2181 Θ
793 2127 850 2200 τῆς
867 2122 935 2182 ΘΔ.
964 2121 1137 2201 τετμήσθω

126 2221 231 2305 ἡΑΔ
254 2224 330 2305 δίχα
348 2223 430 2287 κατὰ
454 2224 491 2287 τὸ
511 2227 549 2286 Α.
587 2221 656 2288 έττεὶ
675 2219 737 2289 οὖν
757 2225 795 2288 τὸ
814 2220 874 2307 μέν
892 2225 957 2288 ὑπὸ
977 2230 1056 2309 ΑΘ,
1078 2231 1137 2290 ΘΔ

72 2342 106 2388 20
126 2338 185 2393 τοῦ
214 2329 277 2394 ἀπὸ
306 2334 374 2393 ΑΛ
402 2333 537 2395 ἔλαττόν
564 2329 633 2394 ἐστι
660 2339 706 2417 τῷ
736 2328 799 2394 ἀπὸ
829 2334 916 2422 AB,v
941 2331 978 2395 τὸ
1008 2328 1045 2394 δὲ
1072 2333 1136 2397 ὑτιὸ

126 2440 205 2519 ΑΚ,
224 2440 293 2500 ΚΔ
316 2446 375 2500 τοῦ
399 2436 462 2500 ἀπὸ
487 2440 555 2501 ΑΛ
577 2439 714 2501 ἔλαττόν
737 2437 805 2501 ἐστι
828 2447 873 2525 τῷ
898 2436 960 2501 ἀπὸ
982 2441 1060 2522 ΑΚ,
1083 2443 1140 2503 καί

126 2542 194 2607 ἐστι
217 2545 327 2625 μεῖζον
355 2545 391 2608 τὸ
417 2543 479 2607 ἀπὸ
504 2544 575 2608 ΑΚ
598 2552 658 2607 τοῦ
682 2542 745 2608 ἀπὸ
770 2548 850 2626 ΛΘ,
878 2547 988 2627 μεῖζον
1011 2547 1076 2630 ἄρα
1099 2548 1135 2611 τὸ

123 2648 189 2712 ὑπὸ
210 2652 286 2731 ΑΘ,
303 2653 373 2733 BA,
397 2649 545 2714 τουτέστι
563 2651 600 2714 τὸ
620 2648 683 2714 ιἰιτὸ
703 2654 778 2732 ΒΘ,
799 2659 858 2714 τοῦ
877 2650 942 2715 ὑπὸ
961 2656 993 2715 Α
1000 2655 1042 2736 K,
1057 2657 1135 2736 ΚΔ,

125 2752 272 2818 τουτέστι
300 2763 360 2818 τοῦ
388 2754 451 2819 ιἰτιὸ
479 2759 564 2819 ΗΚ·
596 2756 616 2839 ἡ
647 2760 708 2819 ΘΒ
737 2757 801 2840 ἄρα
828 2759 946 2840 μείζων
974 2767 1031 2841 τῆς
1055 2764 1134 2825 HK.

71 2873 105 2919 25
123 2864 182 2924 κοιί
198 2861 282 2923 εἰσιν
301 2861 338 2924 οιί
354 2865 428 2938 BB,
442 2865 518 2925 HK
531 2862 600 2944 ὕψη
619 2873 686 2927 τῶν
701 2867 808 2945 ΑΒΔ,
823 2868 929 2927 ΑΗΔ
947 2868 1133 2949 τριγώνων·

123 2970 233 3051 μεῖζον
251 2968 316 3051 ἄρα
334 2967 371 3030 τὸ
391 2972 494 3031 ΑΒΔ
512 2977 572 3032 τοῦ
588 2973 709 3032 ΑΗΔ·
734 2969 816 3034 ὥστε
834 2968 889 3033 καὶ
907 2971 947 3034 τὰ
962 2973 1131 3038 διπλάσιοι·

194 3239 217 3287 2.
242 3240 291 3286 τοῦ
312 3263 344 3271 -
365 3230 451 3302 ἐστιν]
475 3231 567 3299 μεῖζόν
591 3232 647 3286 ἐστι
669 3242 719 3287 τοῦ
738 3238 820 3288 ΑΖΔ
843 3236 880 3302 (Ζ
899 3250 967 3288 corn
989 3251 1023 3288 ex
1044 3241 1083 3307 Γ)
1105 3255 1130 3306 p.

159 3310 182 3357 5.
207 3301 322 3374 μείζων]
346 3304 445 3370 μείζων
469 3300 525 3356 ἐστί
548 3322 574 3372 p.
666 3310 689 3358 6.
714 3304 771 3359 ἀπό
786 3306 865 3376 (pr.)]
888 3305 945 3359 ἀπὸ
968 3314 1018 3376 τῆς
1040 3326 1072 3377 p,
1100 3311 1131 3360 ut

122 3392 237 3444 semper.
294 3379 317 3428 8,
334 3371 467 3429 ἐλάττονα
481 3373 576 3451 λόγον]
590 3394 617 3444 p,
637 3374 748 3431 ἔλαττον
760 3374 901 3446 ἀνάλογον
911 3375 964 3431 Vc.
1021 3385 1045 3434 9.
1062 3379 1130 3449 HA]

122 3447 177 3515 Vp,
200 3449 255 3500 NA
273 3463 295 3499 ο.
352 3452 393 3500 11.
413 3445 456 3516 τό]
475 3446 531 3516 Vp,
551 3445 586 3499 τά
605 3464 626 3501 ο.
682 3452 724 3501 20.
744 3446 812 3518 ὑπό]
831 3446 871 3501 sic
888 3466 915 3517 p.
974 3454 1017 3504 21.
1037 3453 1086 3522 τῷ]
1104 3469 1128 3519 p,

82 3516 151 3635 ιτό
171 3517 218 3571 Vc.
295 3523 337 3573 24.
360 3519 425 3590 ΘΒ]
445 3521 498 3574 ΒΘ
516 3537 543 3589 p.
618 3515 729 3589 utitem]
747 3515 844 3586 μείζων
864 3518 923 3572 ἐστι’
939 3536 961 3574 c.
