2430 3854
128 185 190 249 136
436 189 523 240 ΠΕΡΙ
541 188 669 239 Κοιιον
688 188 824 240 Τοιιιιε.

125 331 295 395 ὑπόκειται
314 332 376 415 γὰρ
396 333 432 395 τὸ
451 335 549 395 ΑΓΔ
567 329 722 413 μέγιστον
741 326 834 393 εἶναι.
873 329 933 394 οὐκ
953 330 1017 414 ώροι
1036 329 1056 412 ἡ
1073 335 1141 393 ΑΒ

127 437 274 502 ἐλάσσων
300 436 368 501 ἐστὶ
392 446 449 520 τῆς
473 436 507 500 ἐκ
530 446 589 500 τοῦ
613 436 762 520 κέντρου.

607 614 656 679 θ’.

191 725 312 786 Κώνον
335 721 457 805 ὀρθόν,
486 717 526 786 οὗ
555 721 572 786 ὁ
596 719 683 798 ἄξων
711 721 772 786 ούκ
796 719 886 785 ἐστιν
909 719 1054 784 ἐλάττων
1083 729 1140 803 τῆς

90 826 160 898 5ἐκ
183 836 243 891 τοῦ
266 826 405 912 κέντρου
433 835 491 910 τῆς
513 826 655 910 βάσεως,
683 838 791 910 τεμεῖν
819 827 875 890 διδι
902 834 961 910 τῆς
987 837 1140 911 κορυφῆς

125 933 266 1022 ἐπιπέδῳ
286 943 439 998 ποιοῦντι
458 938 623 1018 τρίγωνον
642 935 743 1015 λόγον
762 936 838 1016 ἕχον
857 931 1037 1017 δεδομένον
1056 935 1141 1017 πρὸς

124 1042 161 1105 τὸ
190 1042 245 1105 διὰ
272 1049 332 1105 τού
358 1039 475 1118 ἄξονος
502 1043 675 1122 τρίγωνον.
724 1041 783 1103 ,δεῖ
810 1041 851 1122 δὴ
874 1039 933 1103 τὸν
958 1039 1138 1122 διδόμενον

125 1151 225 1230 λόγον
249 1147 421 1224 ἐλάττονος
444 1143 529 1212 εἶναι
551 1148 635 1231 πρὸς
657 1149 775 1230 μειῒον.

190 1257 271 1318 ἔστω
291 1256 422 1340 κορυφὴ
442 1250 501 1337 μὲν
520 1262 580 1318 τοῦ
598 1255 709 1318 κώνου
728 1254 764 1316 τὸ
784 1258 826 1335 Α,
849 1251 945 1335 βάσις
964 1249 1002 1316 δὲ
1021 1252 1039 1316 ὁ
1058 1251 1136 1334 περὶ

72 1382 106 1430 10
125 1361 162 1424 τὸ
182 1365 211 1424 Β
233 1359 372 1446 κέντρον
395 1363 525 1443 κύκλος,
549 1362 585 1424 τὸ
610 1356 646 1424 δὲ
669 1361 726 1424 διὰ
749 1368 809 1423 τού
832 1357 949 1436 ἄξονος
971 1363 1140 1443 τρίγωνον

124 1467 161 1530 τὸ
181 1472 213 1529 Α
220 1470 289 1549 ΓΔ,
313 1465 349 1531 ἐν
368 1460 394 1554 ᾦ
412 1467 552 1544 κάθετος
570 1467 590 1550 ἡ
610 1471 675 1530 ΑΒ
699 1464 776 1530 ἐστι.
814 1467 867 1530 δεῖ
887 1467 928 1548 δὴ
950 1467 1009 1530 τὸν
1027 1476 1140 1530 κῶνον

124 1583 233 1654 τεμεῖν
256 1573 422 1659 τριγώνῳ,
446 1572 463 1636 ὃ
488 1576 589 1655 λύγον
612 1571 674 1650 ἔξει
697 1574 780 1657 πρὸς
803 1573 839 1636 τὸ
864 1575 963 1637 ΑΓΔ
985 1573 1045 1636 τὸν
1070 1571 1137 1636 ἐπι-

124 1677 302 1761 ταχθέντα·
340 1677 542 1762 ἐπιτετώχθω
575 1675 612 1742 δὲ
644 1678 661 1742 ὁ
694 1687 752 1761 τῆς
784 1681 818 1741 Κ
849 1677 1023 1752 ἐλάττονος
1053 1680 1138 1762 πρὸς

125 1788 256 1869 μείζονα
279 1785 341 1869 τὴν
364 1788 395 1847 A
419 1787 525 1866 λόγος.

71 1914 104 1962 15
191 1889 260 1956 ἐπεὶ
288 1893 324 1955 τὸ
353 1895 459 1955 ΑΒΔ
491 1890 702 1975 ὀρθογώνιον
735 1890 818 1973 ἐστι,
851 1891 1033 1976 γεγράφθω
1062 1889 1137 1974 περὶ

124 1998 205 2063 αὐτὸ
228 1997 434 2081 ἡμικύκλιον,
458 1995 513 2061 καὶ
536 1996 600 2061 ἀπὸ
619 2005 679 2061 τοῦ
698 2001 727 2060 Β
750 1996 891 2072 κάθετος
909 1998 1003 2080 ἤχθω
1023 1995 1043 2078 ἡ
1064 2001 1137 2077 ΒΕ,

123 2103 178 2169 καὶ
202 2105 246 2181 ὡς
269 2104 289 2187 ἡ
309 2107 344 2167 K
363 2105 446 2188 πρὸς
465 2107 505 2186 Α,
529 2103 635 2178 οὕτως
658 2105 739 2166 ἔστω
758 2102 778 2185 ἡ
800 2107 863 2166 ΖΕ
884 2103 966 2187 πρὸς
984 2107 1059 2185 ΕΒ,
1083 2102 1137 2167 καὶ

125 2212 180 2275 διὰ
208 2220 268 2276 τοῦ
293 2215 321 2274 Ζ
347 2210 556 2296 παράλληλος
584 2211 679 2294 ἤχθω
705 2218 744 2293 τῇ
768 2212 835 2272 ΕΔ
862 2207 881 2291 ἡ
906 2213 987 2291 ΖΗ,
1022 2210 1078 2273 διὰ
1102 2206 1137 2272 δὲ

124 2326 183 2381 τοῦ
211 2321 251 2380 Η
278 2326 317 2401 τῇ
348 2322 412 2381 ΖΕ
442 2317 651 2402 παράλληλος
680 2316 700 2399 ἡ
728 2319 811 2380 ΗΘ·
846 2321 899 2397 ἴση
933 2316 997 2400 ἄρα
1024 2315 1044 2398 ἡ
1077 2321 1139 2379 ΖΕ

71 2434 163 2509 κοπῇ
191 2427 270 2488 ΗΘ.
317 2422 386 2487 ἐπεὶ
414 2418 490 2505 οὖν,
519 2423 563 2497 ὡς
592 2421 612 2504 ἡ
641 2425 676 2484 K
701 2423 783 2505 πρὸς
812 2425 856 2504 A,
893 2421 997 2498 οὕτως
1025 2420 1045 2503 ἡ
1077 2427 1139 2485 ΖΕ

123 2532 206 2616 πρὸς
229 2534 307 2613 ΕΒ,
335 2527 505 2593 τουτέστιν
532 2528 552 2611 ἡ
579 2533 651 2592 ΘΗ
673 2529 756 2612 πρὸς
779 2532 856 2611 ΒΕ,
885 2528 929 2603 ὡς
957 2523 993 2591 δὲ
1020 2526 1041 2610 ἡ
1069 2531 1139 2592 ΘΗ

123 2637 206 2722 πρὸς
229 2641 308 2719 ΒΕ,
332 2636 438 2711 οὕτως
460 2636 497 2698 τὸ
521 2635 586 2699 ὑπὸ
610 2638 649 2698 Η
653 2639 695 2718 Θ,
715 2639 781 2698 ΑΔ
808 2635 891 2719 πρὸς
913 2634 950 2698 τὸ
973 2633 1039 2698 ὑπὸ
1064 2638 1138 2715 ΒΕ,

97 2771 99 2773 ·
123 2748 209 2824 ΑΔ,
237 2743 281 2817 ὡς
305 2738 341 2806 δὲ
364 2743 402 2805 τὸ
425 2741 490 2806 ύπὸ
514 2745 594 2825 ΗΘ,
613 2747 684 2806 ΑΔ
706 2742 789 2825 πρὸς
811 2741 848 2804 τὸ
871 2740 936 2804 ὑπὸ
960 2744 1039 2824 ΒΕ,
1058 2746 1137 2821 ΑΔ,

125 2849 231 2924 ούτως
258 2849 298 2913 τὰ
326 2848 426 2932 ἡμίση
453 2849 490 2912 τὸ
519 2852 630 2913 ΑΗΔ
656 2852 821 2932 τρίγωνον
848 2847 931 2933 πρὸς
958 2848 995 2911 τὸ
1024 2852 1138 2927 ΑΒΔ,

70 2976 105 3025 25
125 2956 170 3031 ὡς
193 2957 257 3039 ἄρα
280 2955 299 3037 ἡ
319 2959 354 3019 Κ
373 2955 456 3040 πρὸς
475 2959 515 3038 A,
539 2955 644 3030 οὕτως
666 2955 703 3018 τὸ
723 2958 836 3019 ΑΔΗ
854 2954 937 3038 πρὸς
959 2953 996 3040 ιδ
1020 2958 1138 3017 ΑΒΔ·

195 3119 220 3167 4.
236 3113 263 3184 ὁ]
283 3130 336 3166 om.
350 3130 377 3181 p.
435 3117 457 3166 7.
473 3110 521 3183 δή]
535 3130 562 3180 p,
582 3108 682 3166 δέΚσ.
738 3107 892 3180 δεδομένον
905 3128 932 3178 p.
988 3114 1012 3163 8.
1029 3108 1137 3163 ἐλάττο-

126 3185 187 3256 νος]
207 3203 238 3253 p,
261 3181 396 3238 ἐλάττονα
414 3182 468 3237 Vc.
543 3189 566 3236 9.
587 3182 614 3254 ὁ]
634 3199 687 3236 om.
708 3199 730 3237 0.
805 3188 845 3237 10.
865 3181 977 3252 κύκλος]
996 3198 1071 3249 vcp,
1096 3201 1138 3242 -ος

127 3271 206 3311 ουοο.
226 3254 260 3325 V,
280 3255 344 3310 add.
364 3273 400 3309 m.
419 3271 473 3308 rec.
535 3260 576 3308 13.
597 3250 702 3377 &W
719 3271 746 3322 p.
807 3258 848 3307 15.
869 3249 945 3323 ἐπεί]
965 3252 1014 3307 καὶ
1033 3250 1094 3306 ἐπεί
1111 3271 1137 3320 p.

159 3324 623 3398 ABA]vcp,Ap0steains.m.1
662 3366 668 3378 .
724 3330 765 3378 17.
781 3325 822 3395 K]
838 3328 892 3377 ΚΛ
908 3340 929 3377 ο.
981 3321 1137 3393 λλούτως]

124 3395 196 3452 ούτω
214 3417 246 3467 p,
265 3400 298 3450 ut
317 3413 425 3467 semper
444 3398 511 3449 ante
530 3397 724 3450 consonantes.
786 3396 850 3467 ΑΔ]
869 3411 943 3463 vop,
964 3401 990 3448 Δ
1009 3410 1090 3449 enan.
1104 3394 1136 3448 V.

155 3474 197 3521 23.
216 3473 274 3522 ΑΔ
286 3470 386 3542 (δειλῇ
404 3473 431 3523 Δ
450 3461 472 3521 θ’
485 3482 553 3521 corr.
573 3484 600 3537 p.
673 3472 716 3521 24.
734 3465 765 3520 τύ
781 3468 858 3536 (pnss
874 3462 997 3519 τουτέστι
1015 3464 1047 3519 τό
1065 3465 1105 3536 (-ύ
1123 3481 1138 3517 e

105 3543 235 3605 comp,
312 3543 700 3615 ABA]Bcorr.epr.
772 3538 1143 3603 ςιυὲος--λιὶΔχοῑη,
