2430 3854
124 189 169 254 54
394 190 481 240 ΠΕΡΙ
499 186 713 240 ΚΤΛΙΝΔΡΟΤ
731 186 867 237 ΤΟΜΗΣι

604 391 664 448 ιη.

189 489 265 556 Ἐδιν
296 491 331 555 έν
361 492 544 575 κυλίνδρου
573 499 656 575 τομῇ
687 493 838 571 συζυγείς
867 488 1038 575 διάμετροι
1070 485 1144 573 ὦσι,

124 596 179 662 καί
210 604 351 683 ποιηθῇ,
385 598 429 673 ὡς
457 598 476 680 ἡ
506 595 642 682 δευτέρα
670 597 844 682 διάμετρος
870 597 953 680 τιρὸς
979 598 1042 679 τὴν
1071 597 1144 661 διοί-

123 729 258 791 μετρον,
287 704 392 780 οὕτως
420 703 440 786 ἡ
464 704 638 789 διάμετρος
659 704 742 788 πρὸς
765 704 869 784 ἄλλην
891 701 981 784 τινα,
1004 702 1078 784 ἥτις
1101 703 1143 767 δν

90 825 106 873 5
126 811 189 876 ἀπὸ
208 820 266 894 της
283 820 384 894 τομῆς
403 809 455 875 ἐπὶ
473 812 534 894 τὴν
553 808 711 896 δευτέραν
731 809 909 895 διάμετρον
925 807 1013 893 ἀχθῇ
1029 831 1144 893 τεταγ-

125 916 242 1002 μένως,
262 919 438 1000 δυνήσεται
456 919 494 982 τὸ
512 918 602 1003 τιαρδι
620 918 681 1000 την
699 919 814 1002 τρίτην
834 915 1000 997 ἀνάλογον
1017 917 1143 993 πλοίτος

124 1027 201 1108 έχον
223 1027 285 1108 τὴν
306 1022 364 1088 ὑπ’
390 1025 490 1107 αὐτῆς
512 1033 570 1107 της
591 1020 795 1106 τεταγμένως
818 1022 975 1106 ἀχθείσης
994 1018 1142 1108 ιἰτιολαμ

124 1129 312 1216 βανομένην
334 1132 417 1216 πρὸς
434 1141 473 1216 τῇ
492 1140 575 1216 τομῇ
594 1128 744 1194 ἐλλεῖπον
762 1130 843 1193 εἴδει
862 1128 964 1216 ὁμοίῳ
984 1138 1030 1216 τῷ
1050 1151 1142 1215 περι-

125 1235 268 1326 εχομένῳ
296 1237 361 1302 ὑπὸ
389 1246 446 1320 της
474 1235 628 1322 δευτέρας
658 1233 835 1321 διαμέτρου
865 1233 1000 1318 καὶτῆς
1023 1252 1141 1321 πορισ-

72 1356 105 1404 10
123 1347 239 1426 θείσης
261 1346 372 1429 τρίτης
395 1342 568 1425 ίινοίλογον.

191 1452 273 1514 ἔσται
296 1451 478 1535 κυλίνδρου
501 1451 594 1535 τομή,
617 1447 672 1513 καὶ
691 1446 850 1531 γενέσθω,
875 1447 957 1530 ὡςὴ
979 1452 1046 1512 ΓΔ
1065 1450 1141 1514 δευ-

123 1553 201 1641 τέρα
224 1554 397 1642 διοίμετρος
420 1558 502 1642 πρὸς
523 1559 585 1640 τὴν
605 1560 671 1620 ΑΒ
695 1553 883 1641 διάμετρον,
906 1554 1012 1630 οὕτως
1032 1554 1052 1638 ἡ
1072 1560 1140 1620 ΑΒ

123 1663 206 1748 πρὸς
228 1664 289 1746 την
313 1665 390 1746 ΓΗ,
412 1661 467 1727 καὶ
490 1666 613 1727 κείσθω
637 1661 657 1745 ἡ
680 1665 752 1727 ΓΗ
772 1662 855 1746 πρὸς
877 1661 983 1747 ὀρθδις
1002 1670 1043 1746 τῇ
1064 1665 1140 1746 ΓΔ,

122 1766 178 1832 καί
198 1767 381 1853 ἐπεζεύχθω
401 1770 421 1853 ἡ
439 1774 521 1853 ΛΗ,
540 1773 595 1833 καί
615 1767 667 1832 ἐπὶ
685 1770 746 1852 την
767 1772 832 1833 ΓΔ
851 1770 1006 1851 κατηχθω
1026 1790 1141 1852 τεταγ-

71 1887 104 1936 15
123 1853 270 1958 μένοιςὴ
293 1881 366 1959 ΕΖ,
389 1874 444 1940 καὶ
467 1877 555 1962 ταρδι
578 1871 638 1959 μὲν
661 1877 721 1959 την
746 1877 818 1938 ΓΗ
836 1873 856 1957 η
884 1879 964 1956 ΖΘ,
988 1876 1078 1961 παρὰ
1103 1873 1140 1940 δέ

122 1983 183 2065 την
208 1985 272 2047 ΓΔ
297 1982 317 2064 ἡ
343 1986 416 2047 ΘΚ.
461 1980 558 2068 λέγω,
582 1982 692 2046 ὅτιτὸ
716 1981 779 2045 ἀπὸ
803 1990 860 2065 τῆς
882 1985 946 2045 ΕΖ
971 1987 1045 2046 ίσον
1069 1980 1140 2047 ἐστὶ

121 2098 167 2176 τῷ
192 2093 255 2153 ΓΘ
277 2086 617 2175 ταραλληλονροίμμῳζ

189 2193 257 2260 έτεί
289 2195 367 2282 γάρ,
400 2197 444 2272 ὡς
475 2196 512 2261 τὸ
541 2194 604 2259 οάτὸ
632 2204 690 2279 τῆς
718 2199 784 2259 ΓΛ
810 2195 893 2281 πρὸς
922 2196 958 2259 τὸ
988 2195 1052 2260 ἀπὸ
1080 2205 1140 2280 τῆς

123 2306 199 2385 ΑΒ,
219 2303 324 2379 οὕτως
342 2304 362 2387 ἡ
382 2306 447 2367 ΓΔ
464 2303 547 2388 πρὸς
565 2304 626 2385 τὴν
645 2306 722 2384 ΓΗ,
741 2301 911 2366 τουτέστιν
930 2301 949 2383 ἡ
969 2308 1002 2366 Δ
1009 2307 1037 2366 Ζ
1055 2305 1140 2389 πρὸς

70 2419 104 2468 20
125 2412 201 2490 ΖΘ,
230 2407 301 2474 ἀλλ’
332 2410 376 2485 ὡς
403 2406 463 2493 μέν
490 2410 527 2473 τὸ
555 2407 619 2473 ἀπὸ
647 2417 704 2492 τῆς
734 2412 797 2473 ΓΛ
824 2409 907 2494 πρὸς
931 2409 968 2472 τὸ
993 2408 1057 2473 ἀπὸ
1081 2419 1140 2493 της

124 2517 204 2597 ΑΒ,
233 2514 338 2591 οὕτως
365 2516 401 2579 τὸ
429 2515 494 2579 ὑπὸ
522 2526 589 2579 τῶν
616 2520 698 2598 ΛΖ,
723 2517 789 2578 ΖΓ
811 2515 893 2600 πρὸς
920 2515 957 2578 τὸ
986 2513 1050 2580 ἀπὸ
1081 2525 1140 2600 τῆς

123 2627 200 2686 ΕΖ·
224 2630 326 2685 ταῦτα
349 2622 412 2706 γὰρ
436 2620 583 2705 έδείχθη·
611 2621 655 2697 ὡς
679 2617 715 2686 δὲ
738 2619 758 2702 ἡ
781 2625 849 2685 ΛΖ
871 2621 954 2706 πρὸς
978 2624 1057 2705 ΖΘ,
1081 2623 1140 2687 οὕ-

123 2750 188 2802 τως
210 2727 247 2790 τὸ
270 2727 334 2791 ὑπὸ
358 2731 439 2809 ΛΖ,
460 2730 526 2791 ΖΓ
544 2728 626 2813 πρὸς
649 2729 686 2792 τὸ
709 2728 774 2792 ὑπὸ
797 2732 873 2810 ΘΖ,
895 2729 964 2809 ΖΓ,
987 2726 1139 2794 τουτέστι

124 2835 161 2897 τὸ
186 2836 249 2897 ΓΘ
271 2832 491 2918 ὀρθογώνιον,
516 2840 588 2898 ίσον
611 2836 675 2920 δίρα
698 2836 735 2898 τὸ
757 2833 820 2898 ἀπὸ
840 2842 897 2917 της
914 2839 978 2898 ΕΖ
996 2842 1043 2921 τῷ
1065 2839 1140 2919 ΓΘ,

197 3076 220 3123 1.
241 3069 294 3140 ιη’]
313 3087 369 3138 mg.
384 3087 420 3123 m.
435 3085 488 3123 rec.
503 3070 536 3138 V,
557 3071 585 3122 et
604 3068 643 3122 sic
663 3068 802 3138 deinceps,
860 3075 882 3123 7.
902 3066 951 3122 ὑπ’
969 3071 1058 3140 αὐτῆς
1076 3074 1138 3145 τῆς]

125 3140 232 3209 scripsi,
252 3138 301 3194 ὑπ’
319 3141 405 3209 αὐτῆς
423 3140 476 3208 Vc,
495 3141 615 3209 ὑπὸτῆς
632 3158 659 3208 p.
716 3147 757 3194 12.
776 3140 918 3210 AB(a1t.)]
938 3145 997 3194 AH
1012 3157 1035 3195 ο.
1095 3149 1139 3201 15.

125 3209 188 3283 μέν]
208 3229 260 3266 om.
279 3230 306 3280 p.
396 3211 448 3292 την
469 3213 540 3282 ΓΗ]
559 3210 603 3264 bis
621 3229 649 3280 p,
669 3211 718 3265 sed
737 3228 805 3265 corr.
897 3216 937 3264 17.
961 3216 1140 3284 παραλληλο-

123 3323 251 3399 γράμμῳ]
271 3328 378 3394 καραλλ
398 3298 523 3395 λοᾳδροίμῖ
542 3344 564 3379 ο.
655 3333 696 3381 18.
718 3330 766 3380 ΓΔ
799 3330 878 3382 ΓΘΔ
896 3345 922 3396 p.
1011 3332 1053 3383 19.
1075 3331 1139 3403 ΓΔ]

123 3404 149 3451 Δ
156 3400 183 3449 Γ
196 3415 223 3465 p.
279 3403 321 3450 20.
341 3346 411 3465 κρές
426 3429 458 3436 -
473 3403 515 3452 22.
533 3399 596 3470 ΖΘ]
615 3416 704 3523 εαξη)
724 3398 760 3451 ad
783 3400 931 3467 ,κείμενον
950 3396 1030 3468 (τρίς
1050 3399 1140 3455 etiam

118 3467 151 3520 in
172 3470 263 3536 textu,
292 3466 362 3522 item
385 3469 422 3530 ὡς
444 3465 475 3522 δέ
494 3469 511 3538 η
531 3473 585 3522 ΔΖ
607 3487 644 3536 ιιρ
663 3490 678 3531 ς
698 3472 768 3538 ΖΘ).
842 3474 883 3523 24.
909 3473 964 3524 ΓΘ
978 3471 1057 3542 (pr.)]
1084 3475 1139 3528 ΖΘ

114 3536 192 3603 ch,
216 3554 285 3594 cort.
310 3539 416 3599 Comm.
493 3539 564 3616 ἄρα]
583 3539 640 3610 ἄρα
660 3537 717 3595 ἐστὶ
732 3558 762 3608 p.
