2430 3854
123 171 186 236 182
434 176 522 226 ΠΕΡΙ
539 175 668 228 mm
686 176 821 229 ΤΟΜΗΣ.

189 320 270 383 ἔστω
294 320 457 403 πρότερον
480 317 499 383 ὁ
522 318 632 402 αὐτός,
654 316 709 384 καὶ
733 318 982 402 ἐπεζεύχθωσαν
1005 321 1043 384 αἱ
1060 325 1135 404 ΕΒ,

120 428 192 490 ΕΓ.
237 422 307 490 ἐπεὶ
334 420 411 509 οὖν,
439 425 484 502 ὡς
510 423 531 507 ἡ
557 429 586 490 Θ
612 425 695 511 πρὸς
719 429 767 509 Η,
791 425 897 502 οὕτως
919 426 939 510 ἡ
963 431 1032 491 EA
1054 428 1137 512 πρὸς

120 535 197 614 ΑΖ,
220 530 265 607 ὡς
288 527 326 595 δέ
347 530 367 614 ἡ
391 536 461 596 EA
483 532 566 612 πρὸς
588 536 665 615 ΑΖ,
688 531 794 608 οὕτως
816 533 853 597 τὸ
877 531 943 597 ὑπὸ
966 537 1052 617 EA,
1075 536 1141 597 ΒΓ
1187 588 1190 595 .

120 638 204 724 πρὸς
230 638 268 702 τὸ
294 636 360 703 ὑπὸ
388 642 468 722 ΑΖ,
491 641 567 722 ΒΓ,
596 638 641 715 ὡς
663 640 727 724 ἄρα
749 637 770 721 ἡ
796 642 825 703 Θ
846 639 930 724 πρὸς
952 643 1001 723 Η,
1029 639 1136 714 οὕτως

87 745 158 810 ὖτὸ
186 743 251 810 ὑπὸ
274 748 357 828 EA,
381 748 449 809 ΒΓ
470 745 553 832 πρὸς
579 746 616 810 τὸ
644 743 710 810 ὑπὸ
737 749 817 828 ΑΖ,
841 748 912 809 ΒΓ.
963 743 1050 810 ἀλλὰ
1076 754 1136 810 τοῦ

121 846 182 934 μὲν
204 849 269 916 ὑπὸ
292 854 374 935 EA,
393 853 462 915 ΒΓ
478 851 581 936 ἥμισύ
604 850 673 916 ἐστι
696 851 733 917 τὸ
756 855 859 916 ΕΒΓ
877 854 1053 937 τρίγωνον,
1077 860 1136 917 τοῦ

122 953 160 1021 δὲ
186 957 253 1022 ὑπὸ
275 962 355 1042 ΑΖ,
379 960 448 1022 ΒΓ
468 957 571 1042 ἥμισύ
598 956 668 1022 ἐστι
690 957 728 1023 τὸ
751 961 857 1022 ΑΒΓ
875 961 1054 1043 τρίγωνον·
1082 957 1137 1023 καὶ

122 1067 159 1128 τὸ
181 1066 283 1128 ΒΒΓ
301 1065 365 1150 ἄρα
387 1064 470 1151 πρὸς
491 1064 528 1129 τὸ
547 1067 654 1128 ΒΑΓ
671 1067 772 1147 λόγον
795 1067 871 1149 ἔχει,
894 1063 934 1129 ὃν
956 1064 976 1148 ἡ
1003 1069 1032 1130 Θ
1054 1066 1137 1150 πρὸς

126 1175 173 1255 H,
196 1169 345 1236 τουτέστι
367 1171 426 1236 τὸν
449 1167 678 1254 ἐπιταχθέντα.

71 1286 104 1333 10
189 1277 273 1342 ἄλλδ
291 1278 332 1362 δὴ
352 1275 449 1360 ἐχέτω
468 1277 489 1362 ἡ
510 1282 539 1342 Θ
556 1278 640 1364 πρὸς
655 1282 695 1342 Η
709 1276 867 1343 έλᾶττονα
890 1279 992 1359 λόγον
1009 1277 1092 1363 ἤπερ
1117 1275 1137 1360 ἡ

122 1389 191 1449 EA
213 1385 296 1465 πρὸς
313 1389 389 1468 ΑΖ,
412 1382 560 1468 γενέσθω
584 1382 631 1467 δέ,
654 1382 699 1461 ὡς
721 1382 741 1468 ἡ
767 1388 796 1448 Θ
817 1385 901 1470 πρὸς
923 1387 968 1467 Η,
992 1382 1138 1466 οὕτωςὴ

123 1492 194 1554 KA
220 1490 304 1576 πρὸς
330 1495 411 1574 ΑΖ,
441 1488 497 1555 καὶ
529 1491 585 1555 διδ
618 1498 678 1555 τοῦ
705 1493 741 1554 Κ
769 1499 808 1575 τῇ
837 1492 903 1555 ΓΔ
929 1489 1139 1575 παράλληλος

123 1585 218 1679 ’ἤχθω
251 1593 272 1678 ἡ
299 1598 382 1680 ΚΛ,
414 1593 469 1661 καὶ
501 1595 750 1681 ἐπεζεύχθωσαν
778 1597 815 1661 αἱ
839 1601 918 1679 ΑΒ,
942 1599 974 1660 Λ
980 1600 1015 1661 Γ.
1069 1594 1139 1661 ἐπεὶ

125 1697 197 1786 οὖν,
221 1700 308 1785 ὡςὴ
334 1707 362 1767 Θ
384 1704 467 1788 πρὸς
489 1707 539 1786 Η,
562 1702 669 1779 οὕτως
692 1702 712 1787 ἡ
736 1707 804 1767 KA
827 1704 910 1788 πρὸς
933 1707 1013 1786 ΑΖ,
1033 1702 1078 1778 ὡς
1102 1699 1139 1767 δὲ

73 1817 106 1866 15
126 1806 146 1891 ἡ
169 1811 240 1872 KA
261 1810 344 1894 πρὸς
366 1813 447 1894 ΑΖ,
475 1809 581 1886 οὕτως
608 1810 645 1875 τὸ
672 1813 776 1874 ΒΑΓ
798 1812 962 1895 τρίγωνον
989 1809 1073 1894 πρὸς
1101 1809 1138 1874 τὸ

125 1919 231 1980 ΒΑΓ
248 1919 422 2002 τρίγωνον,
445 1916 482 1980 τὸ
506 1917 571 2001 ἄρα
588 1918 694 1980 ΒΑΓ
711 1916 794 2002 πρὸς
811 1916 849 1980 τὸ
867 1918 973 1979 ΒΑΓ
990 1916 1050 1980 τὸν
1070 1915 1138 1980 έπι-
1161 1935 1164 1944 ’

125 2020 290 2106 ταχθέντα
313 2025 378 2106 έχει
406 2024 507 2104 λόγον
538 2023 597 2087 τὸν
620 2030 678 2106 τῆς
703 2026 732 2086 Θ
754 2022 836 2107 πρὸς
859 2025 911 2085 Η·
934 2024 999 2106 ἔχει
1022 2018 1061 2086 δὲ
1082 2021 1138 2086 καὶ

125 2129 187 2213 τὴν
210 2132 279 2193 AA
297 2134 374 2212 ἄσην
396 2137 435 2215 τῇ
459 2132 542 2193 ΔΑ·
565 2127 583 2192 ὃ
606 2125 843 2214 προστέτακται
867 2136 1010 2211 ποιῆσαι.

604 2321 662 2401 κζ’.

74 2458 109 2506 20
199 2449 265 2513 Tov
288 2446 432 2513 δοθέντα
455 2458 564 2513 κῶνον
587 2447 753 2529 σκαληνὸν
775 2457 884 2530 τεμεῖν
908 2446 963 2511 διὰ
986 2455 1046 2512 τοῦ
1065 2446 1139 2525 ἄξο-

127 2578 186 2631 νος
213 2552 354 2642 ἐπιπέδῳ
383 2563 535 2619 ποιοῦντι
562 2556 727 2639 τρίγωνον
754 2551 790 2617 έν
817 2561 863 2640 τῷ
890 2553 1001 2639 κώνῳ,
1034 2552 1052 2617 ὃ
1080 2555 1139 2618 τὸν

128 2658 272 2726 δοθέντα
299 2664 401 2743 λόγον
428 2658 492 2738 ἕξει
520 2661 603 2746 πρὸς
632 2660 669 2725 τὸ
699 2659 871 2744 έλᾶχιστον
900 2669 967 2724 τῶν
994 2660 1052 2724 διὰ
1078 2669 1138 2725 τοῦ

131 2763 248 2844 ἄξονος
270 2768 456 2854 τριγώνων·
481 2767 534 2833 δεῖ
554 2767 595 2852 δὴ
618 2767 678 2832 τὸν
701 2764 845 2831 δοθέντα
868 2770 969 2849 λόγον
991 2770 1138 2850 μείζονος

129 2873 210 2938 ἄντα
236 2874 319 2959 πρὸς
346 2876 481 2939 ἔλαττον
508 2875 552 2957 μὴ
580 2876 711 2957 μειζονα
739 2867 824 2937 εἶναι
851 2882 911 2937 τοῦ
940 2871 980 2937 ὃν
1008 2874 1073 2956 έχει
1101 2874 1136 2936 τὸ

77 2989 111 3038 25
130 2978 286 3064 μέγιστον
308 2983 473 3065 τρίγωνον
497 2990 565 3045 τῶν
589 2980 646 3044 διδ
671 2987 730 3044 τοῦ
756 2976 873 3057 ἄξονος
897 2980 981 3064 πρὸς
1004 2979 1042 3043 τὸ
1066 2978 1137 3043 έλᾶ-

129 3104 251 3172 χιστον.

198 3197 279 3260 ἔστω
303 3193 321 3259 ὁ
346 3191 460 3270 δοθεὶς
481 3203 589 3270 κῶνος
611 3194 783 3276 σκαληνός,
806 3187 847 3258 οὗ
870 3191 888 3257 ὁ
912 3188 1001 3269 ἄξων
1024 3191 1137 3275 ὁΑΒ,

201 3392 226 3441 2.
245 3387 293 3457 ὡς]
313 3403 398 3457 supra
417 3403 467 3440 scr.
486 3404 513 3455 p.
572 3387 616 3456 H]
634 3385 686 3455 τὴν
705 3389 735 3439 Η
750 3403 777 3454 p.
852 3389 876 3438 3.
896 3386 1125 3454 AZ(utrumque)

127 3456 180 3525 τῂν
194 3462 250 3511 ΑΖ
262 3475 293 3526 p.
367 3465 392 3514 4.
412 3457 450 3522 ὡς
468 3455 524 3528 ἄρα
544 3487 577 3498 -
597 3460 621 3511 ὅ.
639 3460 704 3525 ΑΖ,
723 3457 794 3528 ΒΓ]
817 3471 871 3511 om.
890 3473 916 3524 p.
991 3461 1015 3510 6.
1038 3459 1123 3510 ΕΒΓ

78 3584 100 3623 ι
110 3540 180 3581 νοω.
199 3543 238 3582 ex
252 3534 345 3586 ΑΒΓ
356 3549 394 3589 m.
411 3536 425 3587 1
448 3549 471 3589 ο.
548 3530 620 3588 Post
637 3525 776 3601 τρῑχωνον
795 3525 852 3582 δαὶ.
869 3527 919 3580 ταὶ
935 3526 967 3579 το
985 3530 1068 3579 REI*
1082 3524 1138 3593 τρί-
