2430 3854
123 162 186 225 160
429 165 517 216 ΠΕΡΙ
535 163 663 215 mor
681 164 817 216 ΤοιιΗυ.

186 307 287 372 πάλιν
315 303 351 371 δὲ
378 308 415 373 τὸ
440 306 503 372 ιἰιιὸ
530 316 589 390 της
611 313 643 371 A
670 309 753 393 πρὸς
780 308 817 372 τὸ
841 306 903 372 ιἰιιὸ
928 316 987 391 τῆς
1009 312 1038 372 Β
1067 312 1133 393 μεί-

125 415 201 491 ζονα
229 415 329 495 λόγον
358 411 454 497 ἐχέτω
483 415 565 499 ἥιιερ
593 415 630 478 τὸ
659 413 722 478 οἰιιὸ
749 422 807 498 τῆς
835 416 867 478 Γ
893 415 977 500 πρὸς
1004 416 1042 479 τὸ
1071 415 1133 480 άιιὸ

122 528 179 603 τῆς
206 525 248 584 Δ.
298 519 397 603 λέγω,
430 520 480 585 ότι
508 519 528 603 ἥ
557 527 589 584 Α
616 521 699 604 πρὸς
726 522 787 604 τῆν
814 525 843 585 Β
871 524 1003 604 μείζονα
1033 524 1132 603 λόγον

122 629 186 710 ἔχει
208 627 289 712 ἥπερ
313 627 333 710 ἥ
358 629 390 690 Γ
408 628 491 711 πρὸς
513 628 574 710 τῆν
597 633 637 691 Δ.

88 746 103 794 5
190 720 258 798 εἰιεὶ
281 733 299 799 6
322 742 382 797 τοῦ
407 732 469 798 άιιὸ
493 741 551 817 τῆς
574 739 606 797 Α
632 735 716 816 πρὸς
742 735 779 798 τὸ
807 732 870 799 ἀπὸ
897 743 956 816 τῆς
979 739 1008 797 Β
1038 737 1133 818 λόγος

122 843 240 923 μείζων
268 836 336 904 ἐστὶ
363 848 423 904 τοῦ
451 848 510 904 τοῦ
539 837 602 904 άπὸ
630 849 688 923 τῆς
712 843 744 904 Γ
765 841 847 923 πρὸς
871 841 908 904 τὸ
933 839 996 904 άιιὸ
1021 851 1080 924 τῆς
1102 848 1132 906 Δ

126 947 241 1028 λόγου,
269 943 324 1009 καὶ
347 944 365 1010 6
389 954 448 1009 τοῦ
471 949 619 1029 μείζονος
647 947 710 1028 άροι
733 946 853 1030 ἥμισυς
875 955 935 1009 τοῦ
958 957 1020 1011 τοῦ
1045 948 1133 1012 έλάτ-

123 1075 221 1128 τονος
238 1051 371 1136 ἡμίσεος
389 1055 507 1136 μείζων
526 1052 623 1117 ἐστίν.
657 1055 724 1117 ἔστι
744 1049 780 1116 δὲ
799 1061 858 1118 τοῦ
877 1049 937 1136 μὲν
952 1053 1017 1119 ἀπὸ
1031 1064 1090 1138 τῆς
1103 1064 1132 1118 A

122 1161 205 1244 πρὸς
236 1160 273 1223 τὸ
307 1158 370 1223 άπὸ
398 1169 456 1243 της
482 1164 509 1224 Β
542 1162 643 1242 λόγου
671 1163 818 1243 μείζονος
845 1162 949 1235 ὄντος
967 1160 1090 1244 ἥμισυς
1116 1162 1131 1226 6

71 1279 103 1327 10
122 1275 180 1349 τῆς
202 1270 235 1328 A
262 1267 345 1352 πρὸς
371 1267 432 1349 τὴν
455 1270 499 1349 Β,
530 1275 591 1331 τοῦ
618 1262 655 1330 66
680 1265 743 1331 ἀπὸ
766 1275 824 1350 τῆς
847 1269 880 1331 Γ
902 1267 985 1352 πρὸς
1008 1269 1046 1333 τὸ
1071 1267 1132 1332 ιἰιιὸ

122 1382 180 1455 τῆς
202 1380 235 1437 Δ
264 1371 437 1449 ἐλάττονος
459 1375 556 1449 ὄντος
577 1374 697 1457 ἥμισυς
720 1369 737 1438 6
761 1383 819 1457 τῆς
842 1375 875 1437 Γ
896 1375 980 1459 πρὸς
1003 1375 1064 1457 τὴν
1089 1381 1130 1439 Δ·

122 1476 176 1543 καί
199 1478 217 1544 6
241 1488 298 1562 τῆς
321 1485 353 1543 A
381 1481 444 1565 άροι
466 1480 549 1566 πρὸς
571 1481 632 1563 τὴν
655 1484 684 1544 Β
712 1483 810 1561 λόγος
837 1482 955 1564 μείζων
978 1479 1048 1545 ἐστὶ
1073 1490 1132 1545 τοῦ

122 1594 180 1667 τῆς
203 1588 235 1649 Γ
253 1586 336 1671 πρὸς
357 1587 418 1669 τὴν
441 1593 488 1651 Δ·
517 1587 595 1672 ὅπερ
620 1588 687 1651 ἔδει
711 1584 822 1664 δεῖξαι.

596 1780 656 1846 ιθ’.

71 1917 103 1965 15
188 1904 264 1970 Ἐολν
291 1906 352 1971 δύο
380 1905 504 1990 μεγέθη
534 1912 588 1970 ίσοι
617 1906 780 1990 ἀνομοίως
804 1907 972 1993 διαιρεθῇ,
1006 1917 1076 1970 τῶν
1100 1903 1134 1971 δὲ

122 2021 182 2077 τοῦ
206 2010 318 2099 έτέρου
342 2013 518 2096 τμημάτων
541 2014 578 2078 τὸ
601 2017 711 2097 μεῖζον
740 2014 822 2099 πρὸς
844 2014 881 2078 τὸ
905 2016 1042 2078 ἔλαττον
1066 2018 1132 2097 μεί-

123 2122 200 2197 ζονοι
228 2122 328 2201 λόγον
356 2122 412 2205 ἔχη
439 2120 521 2206 ἥπερ
550 2128 609 2184 τοῦ
638 2125 756 2184 λοιποῦ
784 2121 821 2184 τὸ
848 2123 958 2203 μεῖζον
984 2120 1069 2206 πρὸς
1098 2121 1133 2184 τὸ

123 2228 257 2290 ε”λοιττον
288 2224 309 2309 ἥ
337 2226 374 2291 τὸ
398 2232 471 2290 ίσον
498 2227 581 2313 πρὸς
603 2227 640 2292 τὸ
670 2232 758 2309 ίσον,
790 2236 858 2291 τῶν
884 2225 1134 2312 προειρημένων

121 2332 298 2415 τμημάτων
320 2333 357 2397 τὸ
375 2329 436 2416 μὲν
454 2335 564 2416 μεῖζον
586 2331 742 2417 μέγιστον
766 2335 855 2397 ἔσται
878 2343 945 2397 τῶν
963 2333 1133 2419 τεσσάρων

70 2449 103 2497 20
122 2438 312 2522 τμημάτων,
336 2439 373 2502 τὸ
397 2435 433 2502 δὲ
457 2441 593 2503 έλοιττον
616 2438 788 2523 ἐλάχιστον
811 2450 877 2503 τῶν
900 2439 1080 2525 τεσσάρων.

189 2547 270 2609 έστω
295 2545 357 2608 δύο
381 2543 504 2628 μεγέθη
534 2551 588 2609 ίσοι
611 2546 651 2610 τά
675 2550 755 2629 ΑΒ,
776 2549 850 2628 ΓΛ,
876 2543 932 2610 καὶ
958 2546 1132 2632 ὃιηρῆσθω

123 2652 159 2713 τὸ
183 2646 243 2733 μέν
265 2654 330 2714 AB
360 2660 406 2737 τῷ
429 2655 473 2733 Ε,
501 2652 537 2715 τὸ
562 2647 598 2714 δὲ
622 2654 683 2714 ΓΛ
705 2660 751 2738 τῷ
777 2654 818 2733 Ζ,
846 2653 928 2715 ἔστω
952 2647 989 2715 66
1012 2652 1049 2716 τὸ
1074 2649 1133 2736 μὲν

122 2760 191 2819 ΑΕ
211 2764 272 2820 τοῦ
295 2760 359 2820 ΕΒ
382 2760 506 2841 μεῖζον,
534 2757 571 2822 τὸ
595 2753 631 2821 δὲ
656 2759 717 2821 ΓΖ
743 2765 803 2821 τοῦ
828 2761 893 2820 ΖΔ
919 2758 963 2841 μῆ
987 2761 1132 2841 ἔλαττον,

124 2861 206 2925 ὥστε
224 2862 261 2926 τὸ
276 2867 344 2926 ΑΕ
359 2864 442 2949 πρὸς
458 2867 521 2928 ΕΒ
540 2867 671 2948 μείζονα
690 2866 791 2946 λόγον
809 2866 895 2947 ἔχειν
912 2865 994 2951 ἥπερ
1013 2866 1051 2930 τὸ
1073 2868 1133 2929 ΓΖ

71 2979 104 3027 25
123 2969 206 3054 πρὸς
228 2969 265 3032 τὸ
287 2972 360 3033 ΖΛ.
398 2968 492 3053 λέγω,
515 2971 654 3036 ὅτιτῶν
672 2975 748 3053 ΑΕ,
767 2974 840 3054 ΕΒ,
860 2973 931 3054 ΓΖ,
953 2975 1018 3035 ΖΔ
1042 2996 1132 3056 μεγε-

122 3081 197 3140 θῶν
219 3072 373 3159 μέγιστον
401 3075 461 3159 μέν
484 3076 612 3143 ἔστιτὸ
636 3082 716 3160 ΑΕ,
745 3076 916 3161 ἐλάχιστον
939 3074 976 3142 66
999 3080 1036 3144 τὸ
1059 3084 1130 3143 ΒΕ.

189 3179 258 3248 ἐπεὶ
281 3183 318 3248 τὸ
342 3187 412 3247 ΑΕ
431 3184 514 3268 πρὸς
536 3188 598 3248 ΕΒ
623 3187 754 3267 μείζονα
778 3185 878 3266 λόγον
901 3187 966 3268 έχει
989 3185 1072 3271 ἥπερ
1096 3186 1131 3249 τὸ

124 3291 185 3352 ΓΖ
211 3289 295 3374 πρὸς
324 3293 404 3373 ΖΛ,
437 3287 497 3382 κοιί-
520 3289 679 3355 συνθέντι
712 3292 775 3376 άροι
801 3291 839 3355 τὸ
866 3295 933 3355 ΑΒ
960 3293 1044 3377 πρὸς
1071 3296 1134 3356 ΒΕ

191 3451 214 3498 ὂ,
235 3445 315 3517 ἐπεί]
333 3412 395 3501 έιτελ
414 3443 467 3516 γάρ
485 3464 512 3516 p.
587 3453 610 3503 6.
629 3455 679 3502 τοῦ
697 3448 761 3519 τοῦ]
779 3446 887 3517 scripsi,
905 3455 954 3501 τοῦ
973 3448 1052 3518 ch.
1108 3453 1130 3501 8.

103 3512 198 3585 ἐστίν]
213 3514 278 3570 ἐστί
287 3535 319 3588 p.
377 3527 430 3575 τοίι
448 3516 515 3594 μέν]
536 3519 640 3576 debuit
657 3518 716 3575 όὶοί
733 3527 782 3574 του
803 3515 851 3587 μὶν
869 3527 937 3571 τοῑι,
1004 3525 1051 3574 13.
1067 3519 1130 3584 ὅπερ
