2430 3854
420 165 470 216 nn
489 165 667 218 suenone
686 167 780 221 cour.
948 208 949 211 a
1038 167 1103 231 255

162 306 288 370 Rursus
319 306 356 370 in
385 308 497 372 eadem
526 309 632 394 figura
662 314 865 394 supponatur
892 316 961 376 ΔΕ
974 343 1015 365 ==
1032 315 1105 396 ΓΛ,

95 415 157 477 ΓΖ
172 443 214 466 =
231 416 303 476 ΖΗ
326 435 403 478 arou
425 417 531 479 ΒΔΓ
551 414 588 478 in
609 422 643 480 A
664 415 700 479 in
723 416 803 481 duae
824 421 934 501 partes
957 419 1105 502 aequales

95 524 193 585 eeoto.
230 519 312 606 dieo,
333 519 490 585 cuculum
513 525 624 586 centro
642 527 685 607 Λ,
706 523 797 587 radio
821 528 930 588 autem
949 523 1105 589 alterutra

94 625 200 711 [Euol.
219 623 283 711 ΙΙΙ,
302 626 360 710 29]
392 631 554 692 rectarum
581 632 661 714 ΛΒ,
684 632 756 694 ΔΓ
782 629 979 715 descriptum
1006 631 1104 695 etiam

92 754 151 817 per
173 735 295 815 puncta
316 737 362 817 E,
384 736 424 797 H
442 733 561 798 uenire.

160 838 314 924 quoniam
350 837 436 903 enim
474 843 675 915 LEAF=
694 844 803 906 ΗΖΓ
831 841 938 927 [lluol.
960 840 1023 927 ΠΙ,
1046 845 1104 922 21;

92 943 120 1029 Ι,
141 945 212 1031 13],
234 950 267 1010 et
289 944 445 1030 trianguli
464 948 578 1032 ΕΔΓ,
596 949 704 1011 ΗΖΓ
722 947 915 1032 aequiorurii
933 953 1019 1035 eunt,
1041 949 1103 1014 erit

93 1053 193 1118 etiam
217 1051 323 1136 [Euol.
343 1049 367 1135 Ι,
386 1053 444 1131 32;
466 1049 492 1138 Ι,
510 1052 547 1136 5]
569 1057 759 1129 LBEF=
773 1058 892 1134 ΒΗΓ,
914 1055 1025 1141 itaque
1049 1078 1103 1122 an-

93 1158 163 1244 guli
181 1161 287 1243 ΒΕΓ,
300 1161 409 1223 ΒΗΓ
420 1158 456 1224 in
475 1159 588 1224 eodem
606 1158 727 1224 cuculo
746 1165 823 1224 aunt
841 1160 946 1245 [Επεὶ
960 1159 1020 1247 ΙΠ,
1034 1163 1102 1247 21].

92 1287 171 1351 ergo
199 1264 337 1329 circulus
366 1268 476 1330 centro
503 1270 550 1350 Δ,
576 1265 667 1330 radio
696 1271 804 1331 autem
832 1272 899 1332 AB
922 1268 1103 1354 descriptus

92 1371 192 1436 etiam
225 1392 284 1456 per
315 1375 438 1456 puncta
465 1375 509 1457 Ε,
530 1375 571 1435 Η
595 1371 719 1458 ueniet3
753 1375 840 1457 quod
870 1380 939 1439 erat
971 1376 1102 1440 ‹lemon-

92 1477 269 1542 strandum.

551 1635 636 1705 LIII.

158 1759 194 1825 Si
216 1761 251 1824 in
274 1765 442 1847 segmento
466 1761 577 1826 oirouli
600 1766 706 1828 reatae
730 1763 938 1848 franguntur,
960 1764 1101 1829 maxima

90 1866 166 1951 erit,
203 1888 284 1951 quae
321 1868 362 1932 ad
396 1872 554 1953 punctum
590 1867 732 1933 medium
768 1868 960 1935 fractionem
993 1868 1101 1954 habet,

91 1979 271 2038 ceterarum
293 1977 402 2038 autem
426 1996 552 2058 semper
569 1974 702 2059 propior
725 1975 765 2061 ei,
787 1997 868 2059 quae
887 1975 927 2040 ad
944 1978 1101 2058 punctum

91 2078 235 2144 medium
257 2083 322 2167 est,
342 2080 516 2145 remotiore
539 2080 643 2146 maior
667 2085 726 2146 eat.

156 2208 232 2254 nam
258 2186 293 2250 in
321 2191 488 2272 segmento
515 2191 620 2252 ΑΒΓ
637 2187 830 2274 frangantur
852 2192 974 2272 rectae,
1001 2191 1106 2253 ΑΒΓ

89 2293 152 2378 ita,
182 2297 220 2358 ut
252 2315 345 2358 aroua
377 2297 482 2358 ΑΒΓ
507 2293 543 2357 in
574 2297 603 2357 Β
635 2293 670 2357 in
702 2283 781 2358 duaa
812 2297 922 2377 partes
950 2294 1099 2378 aequales

90 2404 230 2485 secetur,
267 2399 348 2464 aliae
383 2404 492 2465 autem
522 2397 685 2484 quaelibet
713 2402 832 2484 ΑΛΓ,
854 2401 966 2464 ΑΗΓ.
1020 2398 1100 2485 dieo,

92 2511 125 2569 A
130 2509 158 2569 B
175 2508 215 2584 -l-
231 2508 299 2570 ΒΓ
321 2509 443 2571 rectam
470 2505 645 2571 maximam
670 2527 742 2571 esse
764 2505 907 2570 omniurn
930 2509 1101 2590 rectarum,

90 2632 173 2694 quae
196 2611 231 2674 in
254 2616 424 2697 segmento
448 2611 654 2698 frangantur,
676 2616 709 2676 et

347 2723 418 2783 ΑΔ
434 2721 473 2799 -l-
489 2724 523 2783 Δ
529 2721 561 2782 Γ
573 2729 608 2792 >
623 2722 699 2782 ΑΗ
710 2720 749 2800 -l-
765 2722 805 2782 Η
807 2721 841 2784 Γ.

157 2822 308 2906 quoniam
353 2845 446 2889 noua
492 2828 558 2889 AB
578 2855 619 2876 =
639 2826 716 2908 ΒΓ,
762 2824 824 2889 erit
869 2824 969 2889 etiam
1009 2829 1099 2890 reota

87 2933 155 2993 ΑΒ
176 2961 216 2982 --
237 2931 304 2993 ΒΓ
330 2928 434 3014 [ΕυοΙ.
452 2927 517 3015 ΠΙ,
533 2929 601 3014 29].
655 2934 766 2995 centro
798 2930 901 3017 igitur
932 2935 975 3016 Β,
1007 2931 1097 2995 radio

124 3162 166 3211 17.
185 3157 342 3228 ἀπώτερον]
359 3175 387 3227 p,
407 3157 546 3226 ἀπότερον
563 3156 617 3212 Vo.
691 3164 734 3214 21.
754 3157 866 3229 εὐθεῖα]
886 3173 939 3212 om.
957 3175 984 3226 p.
1042 3173 1097 3210 πα-

89 3225 161 3299 σῶν]
186 3228 243 3282 dee.
267 3245 282 3282 o
304 3228 452 3284 uocabulis
475 3227 618 3283 nonnullis
640 3228 743 3284 laouna
766 3227 923 3298 absumptis
947 3226 1046 3297 (etiam
1067 3227 1098 3280 in

87 3297 213 3368 proxime
230 3299 464 3368 praecedentibus
483 3300 601 3354 lacunae
621 3316 683 3354 eom
701 3299 796 3370 lurae).
878 3305 920 3353 24.
940 3297 1016 3370 ἐπεί]
1036 3297 1097 3352 ἐπεὶ

87 3368 141 3438 γάρ
159 3389 187 3439 p.
260 3371 330 3442 ΒΓ]
347 3389 381 3440 p,
400 3375 456 3425 ΑΓ
469 3371 503 3426 V.
576 3375 618 3424 25.
638 3318 702 3426 eorl
729 3389 783 3440 rp;
807 3386 888 3424 euan.
907 3368 941 3438 V,
964 3385 1097 3439 repm.

87 3459 124 3496 m.
144 3458 198 3496 reo.
260 3440 335 3497 lurae
353 3440 410 3514 loq]
431 3439 475 3512 loq
495 3441 556 3496 ἐστί
568 3459 596 3511 p.
651 3441 696 3510 ἴση
726 3460 753 3510 r,
772 3457 841 3496 oorr.
856 3457 891 3496 ex
909 3439 962 3510 ἢση
981 3458 1017 3495 m.
1034 3387 1089 3495 lli

124 3509 242 3586 κέντρῳ]
260 3530 314 3582 η),
334 3532 402 3588 -τρφ
421 3511 525 3570 lacuna
543 3513 729 3585 absumptum
740 3513 782 3568 II.
