2430 3854
129 193 171 256 58
398 194 486 245 ΠΕΡΙ
503 191 718 244 ΚΤΛΙΝΔΡΟΤ
737 192 872 243 ΤΟΜΗΣ.

128 339 165 402 τὸ
194 337 258 401 ιἰπὸ
285 345 343 420 της
370 341 436 401 ΒΕ
456 337 538 422 πρὸς
565 336 602 400 τὸ
630 335 695 400 ὑπὸ
720 346 787 399 τῶν
810 339 927 398 ΑΕΔ·
960 333 1082 418 ὁμοίως
1105 330 1143 398 δὲ

128 441 243 507 καὶτὸ
267 442 331 507 ἀπὸ
354 452 412 526 τῆς
437 445 498 507 ΓΖ
520 443 603 528 πρὸς
625 443 662 506 τὸ
685 441 750 506 ὑπὸ
775 447 807 504 Α
814 446 886 504 ΖΔ.
923 439 979 505 καί
1002 438 1141 518 ἐναλλὰξ

129 551 202 635 ἄρα,
226 549 271 625 ὡς
292 551 329 614 τὸ
353 549 417 614 ἀπὸ
440 557 498 631 της
521 553 587 613 ΒΕ
607 549 690 630 πρὸς
712 549 749 612 τὸ
773 546 836 612 ιἰπὸ
859 556 916 630 της
941 550 1011 629 ΓΖ,
1035 547 1143 624 οὕτως
1203 628 1206 631 ,

128 658 165 720 τὸ
184 656 249 720 ὑπὸ
268 667 335 720 τῶν
351 660 456 719 ΑΕΔ
474 656 557 740 πρὸς
574 656 611 718 τὸ
629 655 694 719 ὑπὸ
714 666 781 718 τῶν
795 659 911 718 ΑΖΔ·
936 652 1142 739 δπροέκειτο

94 760 240 840 οδείξαι.

194 867 262 933 Καί
293 876 397 932 ταῦτα
429 867 591 933 δέδεικται
622 866 674 932 ἐπλ
705 876 763 951 τῆς
796 867 969 945 ἐλλείψεως
1001 866 1037 933 έν
1069 881 1142 945 τοῖς

127 980 293 1051 Κυνικοῖς
314 976 505 1060 θεωρήματι
528 973 570 1038 κ’.

552 1099 712 1107 ——-

191 1170 277 1235 Ἐστι
304 1167 365 1254 μέν
392 1166 454 1236 οὖν
480 1169 536 1234 καὶ
563 1168 608 1234 δι’
635 1168 755 1256 ἑτέρων
787 1172 949 1235 πλείστων
978 1169 1141 1249 ἐπιδεῖξαι

126 1278 187 1360 την
214 1279 395 1359 ταυτότητα
423 1288 490 1341 τῶν
516 1287 627 1361 τομῶν
650 1278 706 1341 διὰ
729 1288 795 1341 τῶν
818 1285 912 1361 κοινῇ
936 1281 1141 1361 συμβαινόν-

75 1395 108 1443 10
126 1406 193 1448 των
216 1382 343 1458 αὐταῖς·
367 1383 408 1447 οὐ
431 1385 496 1467 μην
519 1383 602 1448 ιἰλλδι
624 1383 665 1447 τοί
685 1408 722 1466 γε
746 1383 948 1469 ἀρχικώτερα
970 1394 1038 1448 τῶν
1057 1401 1141 1470 συμ-

126 1489 308 1573 πτωμάτων
342 1495 467 1575 είρηται
495 1491 621 1573 σχεδόν.
672 1493 782 1554 ε”πειτα
809 1488 903 1576 μέχρι
930 1491 1028 1554 τοῦδε
1058 1513 1142 1578 προ-

126 1600 284 1680 αχθείσης
310 1605 367 1679 τῆς
393 1599 538 1682 θεωρίας
565 1597 626 1661 οὐκ
654 1595 726 1680 ε’μολ
753 1598 911 1680 προσήκει
934 1597 1141 1663 τούντεῦθεν

42 1712 44 1716 ’
126 1705 173 1767 ἔτι
200 1713 268 1766 τῶν
296 1707 421 1767 λοιπῶν
448 1701 567 1767 ἕκαστα
595 1701 749 1780 διεξιόντι
776 1714 846 1779 τοῖς
874 1702 1060 1788 ἀλλοτρίοις
1087 1702 1141 1769 έν-

125 1810 322 1894 διατρίβειν·
346 1808 471 1892 ίινιίγκη
496 1809 558 1895 γάρ
577 1830 642 1873 που
662 1813 923 1890 λεπτολογοῦντα
941 1808 1017 1895 περὶ
1037 1808 1142 1876 ἐλλεί-

73 1927 106 1974 15
124 1926 212 1994 ψεως
239 1915 489 1999 έπεισκυκλησαι
517 1913 572 1980 καὶ
601 1917 641 1979 τα
670 1925 715 2002 τῷ
746 1918 899 2001 Περγαίω
928 1913 1139 2006 Ἀπολλωνίῳ

124 2021 355 2106 τεθεωρημένα
377 2021 454 2108 περὶ
477 2023 585 2105 αὐτῆς.
627 2019 699 2086 ἀλλ’
720 2022 783 2108 ὅτῳ
809 2021 936 2104 σπουδὴ
955 2020 1140 2108 περαιτέρω

125 2141 274 2213 σκοπείν,
302 2127 404 2206 ἔξεστι
432 2137 535 2193 ταῦτα
557 2125 774 2214 παρατιθέντι
796 2139 866 2202 τοῖς
889 2110 994 2215 ἐντῶ
1017 2131 1139 2218 πρώτῳ

123 2247 191 2300 τῶν
212 2239 377 2300 Κωνικῶν
400 2233 585 2321 εἰρημένοις
603 2234 691 2320 αὐτῷ
711 2231 756 2296 δι’
778 2233 881 2298 αὑτοῦ
900 2237 1080 2317 βεβαιῶσαι
1099 2237 1138 2300 τὸ

125 2345 356 2427 προκείμενον·
380 2343 441 2407 ὅσα
464 2342 527 2426 γὰρ
551 2340 587 2405 έν
610 2339 747 2416 ἐκείνοις
768 2338 844 2425 περὶ
867 2342 928 2424 την
946 2349 1006 2404 τοῦ
1025 2342 1139 2406 κῶνον

71 2458 105 2508 20
123 2450 228 2532 τομὴν
251 2452 477 2533 συμβαίνοντα
499 2449 561 2531 την
583 2445 790 2531 καλουμένην
813 2449 969 2530 ἔλλειψιν,
992 2443 1139 2512 τοσαῦτα

123 2552 179 2619 καί
207 2552 283 2640 περὶ
311 2556 372 2638 τὴν
401 2563 461 2619 τοῦ
491 2554 673 2638 κυλίνδρου
701 2554 805 2637 τομὴν
833 2551 867 2617 ἐκ
894 2565 961 2618 τῶν
989 2552 1140 2618 ἐνταῦθα

123 2659 409 2745 προδεδειγμένων
437 2660 568 2744 εὑρήσει
596 2662 830 2742 συμβαίνοντα.
877 2660 990 2745 διόπερ
1014 2661 1139 2725 τούτου

123 2762 184 2849 μὲν
202 2764 355 2849 ἀποστάς,
379 2764 474 2848 ὀλίγα
493 2762 529 2829 δὲ
547 2767 628 2829 όίττα
646 2765 809 2849 λημμοίτια
828 2769 996 2851 προσθείς,
1021 2764 1066 2829 δι’
1087 2761 1140 2832 ὧν

122 2869 178 2936 καί
196 2871 307 2936 αὐτῶν
325 2870 533 2935 ε’νδείκννταί
548 2892 618 2947 πως
636 2871 656 2953 ἡ
675 2883 742 2936 τῶν
760 2883 871 2956 τομῶν
889 2874 1057 2955 ταυτότης,
1082 2871 1137 2937 ἐπ’

70 2987 104 3036 25
123 2979 202 3042 όίλλο
226 3001 258 3042 τι
280 2976 448 3063 τρέψομαι.

608 3083 650 3148 κ’1
735 3125 740 3130 .

189 3207 285 3290 Λέγω
308 3211 435 3292 τοίνυν,
458 3207 508 3272 ὅτι
532 3210 678 3274 δυνατόν
701 3208 769 3274 ἐστι
793 3208 895 3287 δείξαι
918 3220 1027 3274 κῶνον
1050 3210 1137 3294 ὁμοῦ

122 3313 179 3379 καὶ
205 3317 387 3401 κύλινδρον
414 3324 473 3402 μιᾷ
495 3313 550 3379 καὶ
572 3326 612 3401 τῇ
635 3316 718 3401 αὐτῇ
740 3315 961 3400 τεμνομένους
984 3315 1138 3393 ἐλλείψει.

190 3479 214 3523 4,
236 3471 256 3523 ἅ
276 3504 309 3511 -
329 3477 353 3526 5.
374 3471 476 3543 δεῖξαι]
496 3489 549 3527 om.
568 3491 595 3542 p.
658 3477 680 3525 7.
701 3471 811 3543 κ’]κα
830 3472 933 3542 Halley
952 3488 1015 3525 cum
1029 3471 1136 3528 Comm.

138 3542 180 3588 Ιθ,
202 3542 325 3612 αὐανῶ]
335 3561 366 3613 p,
389 3545 489 3608 αὐτοῖς
507 3544 560 3601 Vc.
636 3549 677 3599 12.
698 3542 759 3613 ἐμοὶ
777 3543 924 3616 προσῆκει]
940 3542 1040 3612 scripsi
1053 3559 1137 3612 prae-
