2430 3854
125 155 189 219 202
439 157 527 207 ΠΕΡΙ
544 155 672 208 mor
692 155 829 208 ΤοαΗΣ.

124 323 216 382 γωνα
243 308 361 384 συστῆ,
389 296 442 382 ἐφ’
472 298 489 363 6
518 297 616 384 μέρος
642 299 818 384 προσνεύει
841 298 859 364 6
883 296 985 382 ἄξων,
1008 308 1077 362 τῶν
1100 296 1139 362 δὲ

124 403 311 490 γενομένων
341 408 520 471 ἰσοσκελῶν
549 407 586 470 ἓν
616 405 731 471 ὁτιοῦν
761 411 835 470 ἴσον
863 399 885 491 ᾖ
915 414 960 493 τῳ
989 405 1047 468 διᾶ
1076 413 1138 468 τοῦ

124 511 240 589 ἄξονος
273 514 447 596 ίσοσκελεί,
480 512 498 578 6
528 510 616 590 ἄξων
642 521 702 577 τοῦ
729 513 840 577 κώνου
868 511 1018 577 έλᾶσσων
1046 513 1138 576 ἔσται

124 629 181 702 τῆς
203 617 239 682 ἐκ
261 627 322 683 τοῦ
344 617 484 704 κέντρου
507 628 565 702 τῆς
587 619 722 702 βᾶσεως.

90 741 105 789 5
191 728 273 790 έστω
296 736 402 802 κῶνος
424 728 597 808 σκαληνός,
620 721 661 791 οὗ
683 727 814 810 κορυῳῆ
838 722 899 810 μὲν
921 727 958 790 τὸ
982 732 1024 809 Α,
1049 722 1139 802 ἄξων

124 829 161 896 δὲ
183 832 201 898 6
225 837 291 896 AB
314 833 423 897 νεύων
446 829 499 896 έπλ
521 832 562 896 τὰ
583 840 644 896 τοῦ
666 837 700 896 Λ
721 830 816 918 μέρη,
840 832 936 916 βάσις
959 829 997 896 δὲ
1019 832 1037 898 6
1061 829 1139 916 περὶ

124 940 161 1003 τὸ
185 943 213 1002 Β
236 937 389 1024 κέντρον,
413 948 473 1004 τοῦ
501 935 537 1003 δέ
559 940 643 1023 πρὸς
665 939 771 1023 ὀρθδις
793 947 839 1027 τῳ
861 940 971 1026 κύκλῳ
995 939 1053 1002 διᾶ
1075 947 1137 1002 τοῦ

125 1043 241 1121 ἄξονος
273 1043 436 1128 ἀγομένου
467 1045 633 1129 τριγώνου
665 1044 761 1127 βᾶσις
788 1046 869 1110 ἔστω
898 1044 918 1127 6
948 1047 1062 1128 ΓΒΛ,
1097 1055 1137 1129 τῆ

124 1149 161 1216 δὲ
177 1154 242 1216 ΓΛ
259 1152 342 1237 πρὸς
360 1151 467 1236 ὀρθὰς
484 1152 644 1234 ῆχθωσαυ
662 1150 698 1215 ἐν
716 1161 762 1239 τῳ
780 1153 890 1239 κύκλῳ
910 1153 947 1216 αί
964 1156 1038 1236 ΒΖ,
1056 1155 1137 1233 ΕΗ,

73 1273 105 1323 10
124 1257 179 1323 καὶ
201 1258 384 1341 ἐπεζεύχθω
408 1257 428 1340 6
449 1263 526 1341 ΑΕ,
548 1255 604 1322 καὶ
626 1257 816 1323 ὑποκείσθω
840 1267 885 1347 τῷ
909 1260 966 1323 διᾶ
988 1267 1047 1341 τῆς
1069 1263 1136 1322 ΑΒ

123 1362 179 1429 καὶ
201 1373 259 1446 τῆς
277 1365 395 1448 διπλῆς
414 1373 472 1448 τῆς
490 1369 553 1428 ΒΖ
571 1363 721 1452 ἄγομένῳ
740 1366 903 1453 τριγώνῳ,
921 1363 1071 1430 τουτέστι
1090 1374 1136 1451 τῷ

125 1472 181 1535 διᾶ
200 1479 259 1534 τοῦ
277 1469 394 1547 ἄξονος
409 1471 579 1553 ίσοσκελεί,
596 1473 634 1536 τὸ
653 1471 710 1535 διᾶ
724 1479 782 1555 τῆς
795 1476 863 1536 EA
876 1469 931 1536 καὶ
945 1479 1004 1554 τῆς
1017 1471 1138 1554 διπλῆς

124 1585 182 1659 τῆς
203 1581 278 1640 ΕΗ
301 1576 464 1660 ἀγόμενον
492 1574 656 1655 ἰσοσκελὲς
683 1583 758 1643 ἴσον
780 1573 875 1643 εἶναι.
921 1576 1019 1661 λέγω,
1044 1578 1095 1643 ὅτι
1119 1577 1136 1643 6

125 1687 191 1746 BA
213 1681 302 1759 ἄξων
324 1682 469 1748 έλᾶττων
492 1681 560 1748 ἐστὶ
583 1693 641 1767 τῆς
663 1682 699 1748 ἐκ
721 1693 781 1748 τοῦ
804 1683 953 1768 κέντρου.

71 1804 105 1855 15
189 1787 258 1855 έπεὶ
294 1790 314 1873 6
346 1788 411 1855 ὑπὸ
444 1794 548 1854 ΑΒΕ
578 1793 683 1872 γωνία
721 1789 865 1855 ἐλάττων
897 1789 988 1856 ἐστὶν
1020 1791 1137 1877 ὀρθῆς,

124 1897 218 1979 ῆχθω
242 1895 279 1961 έν
301 1905 347 1986 τῷ
368 1901 556 1967 τούΑΒΕ
577 1895 719 1984 ἐπιπέδῳ
743 1905 782 1982 τῆ
803 1900 867 1962 ΓΔ
888 1899 972 1982 πρὸς
990 1897 1098 1982 ὀρθᾶς
1116 1894 1135 1979 6

123 2007 197 2067 ΒΘ.
250 2000 306 2067 καὶ
338 2000 408 2068 ἐπεὶ
434 2006 553 2087 μείζων
584 2000 604 2085 6
637 2008 704 2067 EA
733 2012 792 2087 τῆς
821 2003 887 2068 ΑΒ
916 2004 972 2068 διδι
1003 2005 1040 2068 τὸ
1070 2005 1136 2088 πρὸ

123 2110 254 2191 τούτου,
276 2106 296 2191 6
321 2111 385 2194 ἄρα
408 2109 473 2174 ὑπὸ
492 2114 593 2174 ΒΕΑ
616 2113 721 2191 γωνία
744 2109 889 2174 ε’λᾶττων
912 2107 1002 2174 ἐστὶν
1021 2110 1137 2195 ὀρθῆς.

125 2215 212 2301 ὀρθῆ
240 2212 277 2280 δέ
303 2213 323 2298 6
352 2215 417 2281 ὑπὸ
448 2221 562 2280 ΘΒΕ·
590 2217 628 2280 αἱ
652 2218 716 2303 ἄρα
742 2221 818 2300 ΘΒ,
841 2221 908 2280 EA
931 2215 1062 2281 εύθείαι
1085 2216 1137 2280 ε’κ-

71 2338 106 2388 20
123 2324 324 2406 βαλλόμεναι
347 2331 602 2407 συμπεσοῦνται.
643 2321 916 2407 συμπιπτέτωσαν
938 2323 1021 2387 κατὰ
1039 2323 1077 2387 τὸ
1099 2328 1137 2387 Θ.

125 2427 195 2495 ἐπεὶ
222 2425 284 2496 οὖν
311 2430 348 2494 τὸ
375 2425 437 2512 μὲν
457 2429 520 2511 Ιδιδι
548 2437 608 2492 τοῦ
635 2427 752 2505 ἄξονος
780 2425 944 2505 ἰσοσκελές
969 2434 1044 2493 ίσον
1068 2426 1138 2494 ἐστὶ

125 2545 170 2623 τῳ
193 2535 259 2600 ὑπὸ
282 2539 365 2617 ΑΒ,
390 2539 466 2618 ΒΖ,
494 2535 531 2599 τὸ
554 2531 592 2598 δὲ
614 2535 671 2598 διᾶ
692 2543 752 2616 τῆς
773 2539 842 2598 ΑΕ
862 2532 917 2598 καὶ
939 2543 998 2617 τῆς
1020 2534 1140 2618 διπλῆς

124 2650 182 2725 τῆς
213 2645 288 2706 ΕΗ
311 2638 475 2718 ἰσοσκελὲς
503 2647 576 2706 ίσον
604 2638 673 2706 ἐστὶ
699 2650 745 2728 τῳ
772 2640 837 2704 ὑπὸ
866 2645 946 2723 ΑΕ,
970 2645 1053 2724 ΕΗ,
1081 2645 1141 2706 καί

125 2747 216 2812 ἐστιν
239 2753 294 2812 ίσα
316 2747 470 2830 ἄλλῆλοις
492 2748 532 2812 τὰ
555 2750 717 2831 ίσοσκελῆ,
740 2744 796 2811 καὶ
819 2748 855 2812 τὸ
878 2746 943 2811 ὑπὸ
968 2752 1049 2829 ΑΒ,
1073 2752 1137 2812 ΒΖ

72 2871 105 2921 25
124 2856 188 2938 ἄρα
212 2859 286 2919 ίσον
309 2850 378 2918 έστὶ
400 2863 446 2941 τῷ
468 2853 534 2918 ὑπὸ
557 2859 638 2937 ΑΕ,
661 2857 746 2919 ΕΗ·
769 2853 815 2931 ώς
837 2855 901 2939 ἄρα
923 2850 943 2936 6
964 2858 1030 2918 BA
1053 2855 1138 2938 πρὸς

124 2965 203 3046 ΛΕ,
226 2960 332 3037 ούτως
353 2957 373 3043 6
394 2964 465 3024 HE
485 2961 568 3046 πρὸς
587 2965 663 3042 ΖΒ,
686 2958 835 3025 τουτέστι
853 2961 937 3044 πρὸς
956 2965 1033 3024 HB.
1068 2958 1137 3024 ἐπεὶ

196 3232 219 3279 1.
240 3225 254 3280 6
274 3225 361 3296 ἄξων]
379 3223 424 3278 bis
443 3243 469 3294 p,
490 3224 540 3278 sed
559 3241 627 3278 corr.
683 3230 707 3279 6.
727 3223 829 3294 νεύων]
848 3223 1012 3290 προσνεύωυ
1030 3242 1057 3293 p.
1111 3230 1135 3278 7.

123 3294 253 3368 κέντρον]
271 3294 388 3365 κέντρον
406 3295 507 3357 κύκλος
524 3313 551 3364 p,
570 3295 635 3350 fort.
654 3300 738 3350 recte.
820 3301 870 3348 τοῦ
889 3291 922 3348 δέ
939 3326 975 3335 -
993 3301 1018 3348 8.
1040 3299 1090 3348 ΓΒ

125 3385 177 3422 om.
197 3387 223 3438 p.
298 3373 338 3422 13.
358 3365 412 3437 ὅτι]
432 3382 512 3422 enan.
533 3382 555 3420 ο.
630 3372 671 3423 15.
691 3363 767 3438 ἐπεί]
787 3365 848 3420 ἐπεὶ
866 3363 918 3435 γάρ
938 3385 964 3436 p.
1036 3369 1118 3420 ABE

121 3443 204 3492 ΑΕΒ
217 3458 247 3508 p.
324 3443 365 3493 17.
384 3434 496 3510 μείζων]
515 3433 614 3507 μείζων
633 3434 707 3493 ἐστίν
725 3457 752 3508 p.
830 3442 873 3491 22.
892 3438 942 3510 τῷ]
960 3456 987 3506 p,
1006 3446 1062 3492 τῶν
1081 3437 1135 3490 Vc.

145 3511 289 3582 cmm]
305 3519 362 3566 τῶν
384 3510 468 3584 ch,
489 3528 560 3569 corr.
580 3509 693 3584 Ηαὶλεγ.
765 3515 811 3564 26.
829 3509 909 3578 REX
921 3511 982 3561 ER
994 3526 1026 3574 p.
