2430 3854
130 164 174 227 62
398 167 486 217 ΠΕΡΙ
503 166 718 219 ΚΤΛΙΝΔΡΟΤ
736 168 871 221 ΤΟΜΗΣ.

129 308 192 373 ἀπὸ
225 319 282 393 τῆς
312 314 380 374 ΡΤ
406 308 562 395 δευτέρας
594 310 771 395 διαμετρου
803 319 861 393 τῆς
893 311 994 394 αὐτῆς
1030 322 1143 397 τομῆς,

129 415 234 492 οὕτως
256 415 276 498 ῆ
302 420 375 480 ΘΗ
392 419 514 498 πλαγία
536 425 598 480 τοῦ
619 417 730 492 είδονς
752 419 879 502 πλευρὰ
896 419 979 504 πρὸς
997 420 1059 503 τὴν
1080 424 1148 484 ΘΧ

128 521 259 608 ὀρθίαν.

196 645 265 712 ἐπεὶ
292 643 354 712 οὖν
381 647 401 729 ἡ
430 643 491 732 μέν
520 651 588 711 ΘΚ
608 656 647 732 τῆ
671 653 704 711 Α
711 653 738 710 Ζ
759 649 968 733 παράλληλός
992 649 1096 733 ἐστιν,
1121 650 1141 733 ἡ

94 749 165 820 υδὲ
191 758 254 818 ΘΟ
277 765 316 839 τῆ
340 759 416 837 ΑΕ,
440 754 485 830 ὡς
508 755 631 839 ἄρατὸ
656 753 719 817 ίατὸ
742 763 800 837 τῆς
822 760 891 819 ΑΕ
910 757 994 841 πρὸς
1016 758 1053 822 τὸ
1076 755 1142 821 ἀπὸ

127 869 184 942 τῆς
203 864 276 942 ΕΖ,
300 860 405 936 οὕτως
427 862 464 924 τὸ
488 859 552 924 ίατὸ
575 869 633 943 τῆς
658 864 721 924 ΘΟ
744 861 826 946 πρὸς
849 862 886 925 τὸ
905 861 969 926 ἀπὸ
988 871 1046 945 τῆς
1065 866 1141 928 ΚΟ.

128 965 199 1030 ἀλλ’
230 967 274 1043 ώς
301 963 361 1051 μὲν
388 969 425 1032 τὸ
454 966 519 1031 ἀπὸ
545 976 602 1050 τῆς
629 972 698 1031 ΑΕ
724 968 805 1053 πρὸς
827 969 864 1031 τὸ
887 967 952 1032 ὑπὸ
975 979 1043 1033 τῶν
1066 974 1141 1052 ΒΕ,

127 1077 204 1157 ΕΓ,
228 1073 333 1150 οὕτως
355 1075 392 1137 τὸ
417 1073 480 1138 ἀπὸ
504 1082 560 1156 τῆς
581 1077 653 1137 ΘΗ
672 1073 849 1159 διαμέτρου
873 1083 931 1156 τῆς
950 1084 1010 1138 τοῦ
1029 1077 1141 1141 κώνου

127 1189 227 1265 τομῆς
254 1181 336 1266 πρὸς
363 1182 400 1244 τὸ
429 1178 493 1245 ιἰπὸ
520 1189 578 1263 τῆς
606 1183 671 1243 ΡΤ
695 1179 851 1266 δευτέρας
878 1180 1055 1267 διαμέτρου
1083 1191 1142 1266 τῆς

75 1303 109 1351 10
129 1287 230 1370 αὐτῆς
252 1295 363 1370 τομῆς,
386 1287 431 1362 ὡς
454 1282 490 1350 δέ
513 1288 550 1351 τὸ
574 1286 637 1351 ἀπὸ
661 1295 718 1370 τῆς
744 1291 807 1350 ΘΟ
829 1288 912 1372 πρὸς
934 1289 971 1352 τὸ
995 1287 1059 1352 ίατὸ
1083 1297 1142 1371 τῆς

128 1397 208 1474 ΟΚ,
239 1393 344 1469 οὕτως
371 1395 407 1457 τὸ
436 1393 500 1457 ἀπὸ
528 1403 585 1476 τῆς
615 1397 687 1456 ΘΗ
709 1394 792 1478 πρὸς
819 1394 856 1457 τὸ
884 1392 953 1458 ἀπὸ
976 1402 1033 1477 τῆς
1061 1398 1140 1478 ΚΛ,

127 1497 297 1564 τουτέστιν
324 1500 429 1575 οὕτως
455 1501 492 1564 τὸ
521 1498 584 1563 ίατὸ
612 1503 736 1583 τῆς·Η
738 1503 767 1563 Θ
795 1499 971 1584 διαμέτρου
1000 1510 1056 1584 τῆς
1079 1510 1141 1565 τοῦ

126 1606 308 1691 κυλίνδρου
330 1615 431 1690 τομῆς
453 1607 535 1691 πρὸς
558 1607 595 1670 τὸ
619 1604 682 1669 ἀπὸ
706 1616 763 1689 τῆς
786 1605 941 1690 δευτέρας
959 1605 1139 1693 διαμέτρου

126 1720 184 1795 τῆς
207 1721 266 1776 τοῦ
289 1713 470 1798 κυλίνδρου
490 1721 600 1796 τομῆς,
619 1712 664 1788 ώς
683 1712 816 1797 ἐδείχθη
836 1715 1010 1799 πρότερον·
1035 1713 1140 1800 ῆίίρα

74 1836 106 1884 15
126 1817 264 1904 δευτέρα
292 1819 465 1904 διώμετρος
492 1827 549 1902 τῆς
576 1828 636 1883 τοῦ
663 1819 845 1905 κυλίνδρου
867 1828 968 1903 τομῆς
992 1826 1046 1903 λ’σῆ
1070 1819 1140 1885 ἐστὶ

125 1936 164 2010 τῆ
192 1929 258 1990 ΡΤ
281 1923 419 2012 δευτέρα
447 1923 609 2013 διαμέτρῳ
633 1935 691 2008 τῆς
713 1934 773 1989 τοῦ
795 1926 905 1990 κώνου
927 1935 1037 2010 τομῆς.
1083 1929 1143 1990 καί

125 2032 215 2097 ἐστιν
238 2033 257 2115 ἡ
281 2033 452 2116 διχοτομία
471 2042 529 2116 τῆς
549 2036 622 2096 ΘΗ
636 2033 772 2096 κατὰτὸ
792 2037 833 2114 Σ,
856 2030 1012 2117 καὶπρὸς
1031 2032 1141 2117 ὀρθὰς

57 2190 67 2207 2
125 2140 237 2221 ἄγεται
264 2149 303 2224 τῆ
334 2143 406 2203 ΘΗ
429 2137 566 2226 δευτέρα
594 2138 767 2223 διάμετρος
791 2147 848 2221 τῆς
870 2147 930 2202 τοῦ
953 2139 1140 2224 κυλίνδρου

124 2255 234 2330 τομῆς,
258 2248 365 2330 ὥσπερ
388 2244 444 2311 καλ
462 2245 482 2328 ῆ
502 2249 578 2310 ΡΤ·
601 2245 621 2328 ἡ
645 2247 710 2331 ἄρα
728 2247 794 2308 ΡΤ
808 2243 945 2330 δευτέρα
964 2244 1141 2331 διάμετρός

72 2367 106 2416 20
126 2351 195 2416 ἐστι
220 2362 278 2436 τῆς
304 2375 339 2416 τε
366 2361 426 2417 τοῦ
448 2354 559 2417 κώνου
581 2349 636 2416 καλ
660 2361 716 2434 τῆς
739 2358 798 2415 τοῦ
820 2352 1003 2436 κυλίνδρου
1027 2361 1139 2435 τομῆς.

125 2458 244 2542 ὁμοίως
271 2455 308 2522 δὲ
334 2458 354 2540 ἡ
385 2463 458 2523 ΘΗ
481 2458 655 2543 διάμετρός
683 2456 751 2522 ἐστι
779 2465 837 2540 τῆς
864 2465 923 2520 τοῦ
947 2455 1057 2522 κώνου
1081 2457 1139 2522 καὶ

124 2573 182 2647 τῆς
208 2573 268 2629 τοῦ
295 2565 476 2651 κυλίνδρου
500 2573 612 2649 τομῆς·
645 2564 681 2626 τὸ
708 2568 739 2626 Ρ
756 2565 820 2649 ἄρα
844 2575 979 2647 σημεῖον
1003 2562 1055 2629 ἐπὶ
1079 2575 1140 2649 τῆς

123 2679 266 2754 κώνικῆς
289 2669 557 2755 ἐπιφανείαςκαὶ
581 2668 633 2734 ἐπὶ
655 2678 713 2752 τῆς
735 2679 794 2734 τοῦ
817 2671 998 2756 κυλίνδρου
1018 2671 1138 2755 ἐπιφα-

124 2780 214 2852 νείας
241 2776 317 2841 ἐστί.
367 2777 468 2842 πάλιν
495 2774 563 2841 ἐπεὶ
591 2776 628 2841 ἐν
654 2789 726 2853 ταῖς
748 2788 862 2860 τομαῖς
884 2785 943 2840 τοῦ
966 2800 1001 2841 τε
1023 2778 1140 2842 κώνου

71 2898 104 2948 25
124 2882 179 2948 καλ
206 2892 266 2947 τοῦ
293 2884 476 2970 κυλίνδρου
504 2884 540 2946 αί
565 2883 665 2947 αὐταί
685 2886 748 2947 είσι
772 2881 940 2969 διάμετροι
963 2883 984 2965 ῆ
1006 2906 1041 2947 τε
1065 2888 1143 2948 ΘΗ

124 2988 178 3055 καὶ
201 2990 221 3073 ἡ
245 2993 320 3074 ΡΤ,
346 2989 402 3054 καλ
429 2991 449 3073 ἡ
477 2992 569 3076 τρίτη
594 2991 657 3071 ἄρα
684 2989 848 3071 ίινώλονον
875 2989 895 3072 ἡ
919 2989 1016 3074 αὐτῆ,
1040 3014 1138 3057 τουτ-

194 3316 219 3363 2.
241 3309 314 3380 ΘΗ]
335 3310 438 3376 ΗΘῙ).
521 3308 753 3378 6.KO]OKp.
837 3305 1135 3374 11.κρὸςτό-12.

125 3382 195 3452 ΗΘ]
214 3397 267 3434 om.
285 3397 312 3448 p.
382 3385 424 3434 14.
443 3387 543 3450 τῆς-
561 3380 659 3450 τομῆς]
678 3395 730 3432 om.
749 3396 776 3446 p.
847 3383 887 3432 19.
906 3377 924 3446 ἡ
940 3377 1022 3503 (alm)
1041 3378 1087 3432 bis
1107 3399 1136 3450 p.

152 3458 195 3504 21.
217 3459 268 3520 τῆς
285 3451 346 3522 τοῦ]
365 3458 414 3520 τῆς
432 3469 461 3504 τε
478 3458 528 3504 τοῦ
547 3469 573 3519 p.
629 3457 671 3504 22.
693 3447 794 3520 Ρίίρα]
814 3448 949 3518 ἄροιΡρ.
1020 3447 1068 3521 τί]
1084 3453 1136 3506 καλ

100 3517 196 3586 ἐπίρ.
276 3528 318 3576 26,
340 3521 428 3597 αὐτή]
447 3520 521 3594 αὐτή
540 3521 597 3579 ἐστι
614 3540 642 3594 p.
