2430 3854
135 127 201 190 270
445 132 533 183 ΠΕΡΙ
550 131 679 182 Κοωον
697 132 832 184 ΤοΜΗΣ.

135 276 269 358 μεγίστη
289 271 358 339 ἐστὶ
374 283 441 338 τῶν
456 271 625 360 τεσσάρων
639 274 791 358 εὐθειῶν,
810 274 830 357 ἡ
845 271 882 339 δὲ
896 279 964 340 AZ
979 275 1138 361 ἐλαχίστη·

134 378 189 444 καὶ
219 389 322 445 ταῦτα
349 381 412 465 γὰρ
439 379 574 463 ἐδείχθη
603 378 649 463 ιη’
677 378 731 446 καί
760 380 812 446 ιθ’
840 385 1041 467 θεωρήματι.
1090 384 1137 449 καὶ

134 484 203 551 ἐπεὶ
226 487 265 550 τδι
288 485 352 551 ἀπὸ
375 495 433 569 τῆς
455 489 609 571 μεγίστης
631 485 687 551 καὶ
709 496 767 571 τῆς
790 487 972 572 ἐλαχίστης,
995 490 1135 555 τουτέστι

134 593 174 656 τὰ
196 591 260 657 νἰπὸ
282 597 364 675 EA,
387 597 466 676 ΑΖ,
495 604 564 668 τοῖς
588 591 651 656 ἀπὸ
676 595 751 676 ΓΑ,
773 599 844 658 ΑΛ
873 600 929 658 ίσα
953 595 1038 679 ἐστί,
1067 613 1134 661 σνν-

99 712 114 760 5
134 701 318 784 αμφότερος
341 700 405 786 ἄρα
426 697 447 781 η
470 704 548 782 EA,
571 704 604 763 A
611 703 638 763 Z
663 699 779 765 εὐθεῖα
804 702 1060 787 συναμφοτέρου
1088 713 1134 786 τῆς

133 809 211 889 ΓΑ,
239 810 310 869 AA
338 804 482 871 ἐλάττων
510 802 578 869 ἐστὶ
602 806 657 869 διὰ
670 806 717 870 τὸ
740 807 805 891 πρὸ
828 807 951 872 τούτου
974 809 1131 894 θεώρημα.

130 914 404 997 προσκείσθωσαν
428 912 465 976 αί
489 915 567 995 ΕΖ,
596 915 670 976 ΓΛ·
698 912 758 994 ὅλη
786 913 851 999 ἄρα
877 910 898 994 η
922 919 1026 979 ΑΕΖ
1054 919 1131 1000 περί-

131 1043 248 1104 μετρος
263 1018 340 1102 ὅλης
353 1027 411 1102 τῆς
424 1023 458 1082 Α
463 1021 524 1082 ΓΛ
538 1016 735 1103 περιμέτρου
750 1016 894 1083 ἐλάττων
909 1017 989 1084 ἐστί.
1026 1024 1130 1105 μείζων

131 1126 195 1211 ἄρα
217 1126 238 1209 ἡ
260 1133 320 1190 τοῦ
343 1128 490 1210 μείζονος
512 1127 711 1209 περίμετρος.

79 1244 112 1291 10
197 1229 264 1296 Καὶ
287 1230 403 1314 γέγονε
425 1233 582 1316 φανερόν,
606 1231 656 1295 ὅτι
680 1231 716 1295 έν
731 1243 808 1308 ,τοῖς
827 1236 1005 1314 σκαληνοῐς
1023 1234 1130 1308 κώνοις

130 1349 197 1402 τῶν
234 1339 290 1403 διδι
323 1347 383 1402 τοῦ
415 1335 532 1415 ἄξονος
563 1338 736 1422 τριγώνων
768 1341 902 1422 μεγίστη
934 1334 997 1421 μὲν
1029 1338 1051 1421 ἡ
1082 1348 1130 1404 τοῦ

129 1447 284 1528 μεγίστου
302 1447 506 1529 περίμετρος,
524 1441 673 1507 τουτέστι
692 1453 751 1509 τοῦ
768 1446 969 1526 ίσοσκελοῦς,
989 1443 1129 1528 ἐλαχίστη

129 1547 166 1615 δὲ
184 1551 204 1634 ἡ
223 1559 283 1614 τοῦ
303 1549 486 1633 ἐλαχίστου,
508 1547 658 1613 τουτέστι
681 1558 741 1613 τοῦ
758 1551 841 1635 πρὸς
860 1548 968 1636 ὀρθὰς
986 1560 1026 1635 τῇ
1046 1552 1130 1634 βάσει

129 1665 188 1721 τοῦ
198 1658 319 1741 κώνου,
333 1653 442 1721 τῶνδ’
455 1656 565 1720 ἄλλων
575 1653 625 1720 ἀεὶ
635 1656 672 1720 τὸ
682 1658 792 1740 μείζον
801 1659 933 1739 μείζονα
942 1657 1131 1742 περιμέτρον

75 1774 108 1822 15
128 1765 193 1848 ἐχει
215 1764 298 1848 ἥπερ
321 1763 358 1826 τὸ
382 1764 525 1826 ἔλαττον.
632 1834 633 1838 ¹

194 1869 306 1934 Πάλιν
319 1868 509 1934 ὑποκείσθω
530 1866 550 1949 η
569 1877 630 1933 τοῦ
643 1872 739 1933 ΓΑΔ
758 1869 925 1954 τριγώνου
943 1874 1131 1956 περίμετρος

126 1979 244 2061 μείζων
271 1970 356 2041 εἶναι
383 1984 441 2057 της
467 1983 528 2038 τοῦ
551 1979 618 2038 EA
624 1979 678 2040 Z..
706 1973 789 2056 λέγω
814 1976 870 2058 δή,
899 1976 1011 2041 ὅτιτὸ
1036 1981 1132 2042 ΛΓΔ

125 2087 291 2168 τρίγωνον
312 2090 372 2146 τοῦ
395 2085 496 2145 EAZ
519 2083 629 2165 μεῖζόν
652 2081 750 2146 ἐστιν.

193 2187 261 2255 ἐπεὶ
295 2188 315 2272 η
347 2191 446 2253 ΑΓΛ
482 2191 675 2273 περίμετρος
710 2196 768 2271 τῆς
799 2192 901 2252 EAZ
937 2189 1131 2275 περιμέτρον

72 2307 106 2355 20
124 2299 243 2380 μείζων
265 2295 365 2379 ἐστίν,
389 2301 442 2378 ίση
467 2290 504 2359 δὲ
527 2293 547 2376 η
567 2298 628 2359 ΓΔ
651 2304 690 2380 τῇ
709 2298 787 2377 ΕΖ,
811 2296 908 2378 λοιπὴ
928 2297 992 2380 ἄρα
1011 2313 1132 2381 συναμ-

124 2405 264 2488 φότερος
300 2401 320 2484 η
358 2405 437 2485 ΓΑ,
468 2406 539 2465 ΑΛ
576 2399 829 2486 συναμφοτέρου
866 2410 923 2484 τῆς
955 2406 1038 2485 EA,
1072 2408 1132 2467 ΑΖ

123 2512 242 2593 μείζων
265 2509 342 2576 ἐστί.
379 2511 437 2572 καί
457 2506 589 2573 ἐστιτὰ
612 2505 675 2571 ἀπὸ
700 2510 769 2590 ΓΑ,
787 2512 858 2571 ΑΛ
881 2519 951 2585 τοῖς
974 2507 1039 2573 ἀπὸ
1059 2515 1132 2591 EA,

122 2619 189 2678 AZ
227 2621 296 2679 ίσα·
341 2624 408 2679 τῶν
444 2614 509 2698 ἄρα
546 2616 625 2697 ΓΑ,
657 2619 742 2697 ΑΔ,
775 2618 856 2697 EA,
888 2618 955 2677 AZ
992 2615 1133 2681 εὐθειῶν

122 2723 257 2804 μεγίστη
285 2719 345 2804 μέν
373 2719 463 2784 ἐστιν
491 2719 512 2803 ἡ
535 2724 615 2802 EA,
644 2719 795 2803 ἐλαχίστη
819 2717 856 2784 δέ
879 2719 899 2802 η
922 2727 955 2784 A
962 2725 1003 2784 Z·
1031 2733 1133 2787 ταῦτα

69 2838 103 2888 25
122 2826 185 2910 γὰρ
214 2826 342 2890 ἅπαντα
368 2822 605 2910 προδέδεικται.
650 2824 670 2908 η
694 2831 760 2890 EA
791 2828 855 2912 ἄρα
878 2827 960 2912 πρὸς
983 2830 1046 2911 την
1068 2834 1133 2893 AZ

121 2934 253 3016 μείζονα
281 2933 382 3012 λόγον
409 2932 474 3015 ἔχει
501 2932 583 3018 ἥπερ
611 2931 725 3014 ἡΔΑ
752 2934 836 3020 πρὸς
857 2939 891 2998 Α
897 2936 932 2998 Γ.
978 2933 1050 2999 ἐπεὶ
1074 2932 1133 3001 οὖν

119 3095 331 3111 μ’...

193 3201 217 3250 2.
238 3195 279 3264 ιη’
295 3192 359 3320 nal)
378 3193 412 3264 V,
436 3194 467 3250 ἐν
485 3199 523 3266 τῷ
541 3212 573 3264 p,
597 3195 675 3265 'sm‘
690 3195 739 3250 καὶ
758 3195 802 3250 κδ’
824 3196 887 3251 add.
907 3214 963 3266 mg.
978 3215 1015 3251 m.
1029 3215 1084 3253 rec.
1100 3199 1130 3252 V.

156 3265 337 3338 3.τοί]μ,τ
371 3265 405 3320 V.
490 3266 716 3337 4.Az]om.V.
798 3273 822 3322 5.
843 3270 1130 3340 EAAZAEAZp.

156 3342 181 3392 6.
203 3339 342 3409 ΜΛΔ]
363 3341 487 3405 ΓΑΔρ.
562 3343 585 3391 ι.
653 3355 680 3407 p,
703 3354 755 3393 om.
770 3337 803 3393 V.
877 3345 901 3395 8.
922 3337 1132 3412 δερμα-ης

120 3424 207 3477 supra
224 3407 356 3462 lacunam
374 3409 490 3463 chartae
508 3425 543 3462 m.
565 3414 579 3461 1
598 3338 635 3463 δ]
701 3415 742 3463 11.
762 3407 825 3481 μέν]
844 3408 894 3480 μέν
914 3411 988 3466 ἐστιν
1006 3430 1032 3480 p.
1090 3420 1130 3466 13.

111 3478 261 3554 romam
276 3499 305 3553 p,
325 3488 360 3556 τῇ
379 3479 436 3540 Vv.
512 3483 554 3536 17.
570 3479 643 3536 Ροέο
658 3487 707 3550 τῆς
724 3480 791 3534 εδδ.
807 3487 825 3548 *ς
842 3499 882 3536 m.
897 3498 953 3535 τοο.
970 3483 1007 3551 V„
1025 3483 1056 3536 in
1075 3502 1128 3552 mg.
