2430 3854
360 159 423 212 ‚DE
442 159 618 210 SEC'PIONE
637 159 815 210 OYLINDRI.
1056 155 1098 219 37

90 324 172 387 quae
190 301 226 365 in
244 302 341 386 plano
358 304 422 366 ΓΛ
439 301 548 386 posita
566 305 625 365 est.
662 323 739 386 ergo
755 305 818 365 ΕΖ
833 301 921 365 intra
934 301 1101 386 parallelo-

90 431 275 494 grammum
300 411 365 473 ΓΛ
388 408 483 474 cadit.
1089 420 1092 426 '

157 515 366 580 manifestum
397 519 507 579 autem
538 514 651 600 etiam,
683 515 711 578 si
744 515 785 578 ad
810 515 947 578 alteram
973 520 1100 598 partem

88 623 288 708 producatur
313 622 354 685 ad
376 625 430 706 M,
458 621 544 706 quod
566 621 601 684 in
624 621 792 706 superficie
817 621 953 706 cylindri
976 625 1040 705 est,
1066 621 1101 683 in

90 730 171 794 duas
194 733 304 814 partes
328 729 477 811 aequales
496 750 568 792 eam
588 732 708 792 sectam
727 749 796 793 esse
815 727 850 791 in
870 732 906 792 Z.
949 727 1102 812 quoniam

90 837 178 902 enim
210 835 386 900 diametrus
415 837 479 899 ΓΑ
511 835 552 898 ad
583 838 706 899 rectam
736 838 803 898 ΘΚ
827 833 1100 918 perpendicularis

90 948 151 1027 est,
173 943 235 1007 erit
257 945 324 1005 ΘΚ
336 972 377 994 =
393 945 468 1006 ΚΝ
483 941 588 1022 [Eucl.
606 939 664 1026 III,
682 941 725 1024 3].
763 946 796 1005 et
822 945 910 1025 MN,
930 945 1012 1024 ΛΚ,
1031 944 1102 1004 ΗΘ

89 1048 264 1135 parallelae
289 1052 378 1134 sunt3
402 1069 480 1134 crgo
503 1051 634 1112 MZ=
651 1051 722 1112 ZE.

560 1241 635 1309 XII.

161 1367 196 1433 Si
232 1368 396 1452 cylindrus
432 1368 530 1452 plano
568 1371 695 1432 secatur
727 1366 860 1451 planum
892 1368 979 1432 basis
1012 1371 1103 1431 extra

90 1475 249 1540 circulum
273 1474 406 1560 secanti,
427 1474 476 1538 ita
498 1477 536 1537 ut
554 1472 734 1538 communis
754 1473 855 1537 sectio
874 1473 1045 1557 planorum
1063 1473 1103 1537 ad

89 1581 198 1647 basim
220 1580 516 1666 parallelogrammi
534 1582 702 1664 pararem
719 1578 819 1663 positi
838 1579 892 1644 uel
910 1581 951 1644 ad
969 1581 1104 1645 eandem

89 1688 284 1773 productam
306 1687 581 1771 perpendicularis
604 1686 657 1771 sit,
680 1690 797 1770 rectae,
821 1708 902 1769 quae
922 1709 942 1750 a
960 1687 1103 1753 sectione

91 1795 130 1858 in
152 1793 321 1878 superficie
346 1792 482 1878 cylindri
506 1816 525 1857 a
547 1794 645 1877 plano
669 1793 792 1858 secanti
811 1792 925 1858 effecta
944 1794 1104 1858 ducuntur

91 1901 267 1986 parallelae
291 1904 397 1964 rectae
422 1900 462 1964 ad
484 1899 590 1964 basim
612 1898 908 1984 parallelogrammi
931 1921 989 1983 per
1012 1920 1104 1962 axem

91 2006 193 2091 positi
206 2005 464 2090 perpendiculari
478 2006 531 2070 uel
545 2004 649 2070 eidem
662 2006 838 2090 productae
852 2005 887 2068 in
901 2027 1105 2069 communem

92 2113 281 2204 sectionem
307 2113 480 2198 planorum
517 2112 632 2176 cadent
669 2116 702 2176 et
739 2113 779 2176 ad
811 2112 947 2175 alteram
978 2114 1105 2195 partem

92 2219 249 2284 sectionis
267 2220 444 2304 productae
460 2219 496 2282 in
510 2218 602 2281 binas
621 2222 730 2301 partes
744 2218 894 2300 aequales
909 2239 927 2279 a
942 2216 1106 2281 communi

92 2325 237 2391 sectione
273 2326 447 2411 planorum
483 2325 692 2408 secabuntur,
728 2329 761 2387 et
796 2328 886 2389 recta
922 2324 962 2387 ad
998 2321 1104 2386 basim

88 2431 389 2518 parallelogrammi
411 2453 469 2517 per
493 2453 586 2494 axem
608 2430 709 2514 positi
732 2430 785 2493 uel
809 2430 849 2493 ad
872 2430 1006 2494 candem
1027 2450 1103 2513 pro-

91 2538 224 2602 ductam
237 2538 522 2624 perpendicularis,
536 2538 564 2601 si
578 2536 742 2621 cylindrus
757 2540 866 2601 rectus
881 2540 939 2621 est,
954 2536 1103 2600 etiamad

90 2665 297 2710 communem
316 2645 492 2710 sectionem
510 2643 806 2728 parallelogrammi
823 2666 881 2728 per
896 2665 989 2708 axem
1002 2641 1103 2726 positi

90 2750 248 2836 planique
281 2751 421 2816 secantis
453 2749 727 2835 perpendicularis
760 2750 835 2835 erit,
867 2750 918 2815 sin
946 2749 1107 2834 obliquus,

88 2877 159 2922 non
193 2857 261 2922 iam
296 2857 584 2942 perpendicularis,
620 2857 684 2920 nisi
722 2858 849 2940 quando
881 2857 1015 2942 planum
1046 2877 1105 2940 per

91 2985 188 3028 axem
214 2964 360 3048 positum
388 2965 428 3027 ad
455 2964 562 3028 basim
589 2962 725 3047 cylindri
752 2963 1016 3048 perpendiculare
1045 2966 1104 3025 est.

160 3070 205 3135 sit
246 3070 422 3155 cylindrus,
464 3070 556 3135 cuius
596 3069 691 3133 bases
729 3069 795 3133 sint
831 3069 944 3136 circuli
979 3074 1025 3151 A,
1063 3072 1104 3150 B,

87 3176 434 3263 parallelogrammum
462 3182 571 3241 autem
593 3198 652 3260 per
675 3199 767 3240 axem
790 3176 935 3260 positum
958 3175 1002 3238 sit
1025 3177 1106 3256 ΓΛ,

90 3369 220 3439 σοῦνται]
238 3367 269 3420 in
287 3384 341 3423 ras.
360 3387 387 3437 p.
462 3375 502 3424 16.
522 3366 587 3441 καί]
607 3387 634 3438 p,
655 3385 708 3422 om.
727 3369 780 3423 Vc.
859 3374 901 3422 21.
920 3364 984 3438 καί]
1005 3382 1057 3420 om.
1077 3384 1103 3455 p.

126 3440 173 3512 τῇ]
193 3456 245 3493 om.
267 3456 288 3494 c.
350 3445 391 3493 22.
411 3438 711 3511 παραλληλογράμμου]
730 3442 888 3513 ascellae
907 3457 938 3507 p.
993 3443 1043 3490 ‘aa
1058 3439 1114 3505 ta-

89 3511 159 3582 σεις]
179 3527 195 3563 e
214 3527 283 3564 corr.
301 3528 329 3579 p,
346 3509 428 3581 βάσις
446 3512 498 3567 Vc.
803 3564 805 3567 .
