2430 3854
372 158 422 207 DE
442 156 618 209 SECTIONE
637 155 817 208 CYLINDRI.
1058 152 1098 218 11

157 300 200 364 sit
243 299 421 384 cylindrus,
462 299 552 365 cuius
594 299 688 364 bases
726 299 792 362 sint
829 299 940 363 circuli
978 297 1099 363 circum

88 413 136 489 A,
159 411 187 470 B
212 411 323 472 centra
346 405 514 490 descripti,
543 405 611 470 axis
636 410 744 470 autem
767 409 857 469 recta
879 409 959 488 AB,
987 410 1020 469 et
1042 427 1100 489 per

695 516 761 576 AB
797 511 932 596 planum
963 512 1099 575 ducatur

695 617 876 702 cylindrum
904 639 1029 699 secans,
1057 616 1101 681 ef-

136 736 628 846 Μ,
694 724 782 789 ficiet
799 724 902 810 igitur
919 723 954 786 in
970 722 1099 788 circulis

137 738 638 956 Ι-Ιβ
693 835 799 895 rectas
822 833 897 913 ΓΛ,
916 834 993 911 ΕΖ,
1017 852 1099 913 quae

121 968 146 1014 A
591 972 616 1015 Ζ
694 937 938 1021 diametrisunt‚
946 936 981 998 in
992 957 1100 1019 super-

697 1042 768 1108 ficie
815 1048 923 1107 autem
964 1040 1100 1126 cylindri

87 1152 191 1216 lineas
214 1153 326 1233 ΕΗΓ,
347 1153 421 1213 ΖΛ.
463 1148 542 1232 dico,
566 1155 736 1233 utramque
759 1149 879 1213 lineam
902 1151 974 1212 ΕΗ
977 1150 1014 1230 Γ,
1032 1152 1066 1210 A
1072 1151 1099 1210 Z

87 1261 211 1322 rectam
234 1277 313 1319 esse.

155 1386 232 1428 nam
264 1362 291 1426 si
323 1362 394 1426 fieri
424 1367 547 1447 potest,
578 1385 618 1427 ne
652 1362 718 1426 sint
749 1367 868 1445 rectae,
900 1363 1098 1446 ducaturque
1167 1422 1169 1426 ,

87 1475 177 1535 recta
190 1474 223 1533 E
228 1471 297 1534 ΘΓ.
334 1469 488 1554 quoniam
506 1468 609 1555 igitur
626 1469 713 1533 linea
726 1471 834 1533 ΕΗΓ
847 1472 880 1532 et
896 1473 985 1533 recta
999 1470 1103 1532 ΕΘΓ

88 1576 124 1639 in
141 1576 239 1660 plano
253 1581 320 1640 EA
338 1575 464 1660 positae
483 1576 608 1640 suntin
622 1575 751 1659 punctis
766 1579 804 1658 Ε,
821 1578 853 1639 Γ
863 1579 1099 1658 concurrentes,

88 1687 123 1746 et
146 1682 232 1747 linea
254 1685 362 1746 ΕΗΓ
379 1682 414 1745 in
438 1682 605 1765 superficie
630 1681 766 1767 cylindri
788 1681 897 1766 posita
920 1685 984 1766 est,
1011 1686 1100 1745 recta

90 1792 194 1853 ΕΘΓ
215 1789 250 1852 in
273 1789 441 1873 superficie
465 1789 601 1873 cylindri
624 1789 732 1872 posita
754 1810 820 1852 non
843 1793 900 1852 est.
947 1786 1100 1871 quoniam

89 1894 192 1980 igitur
220 1895 331 1959 circuli
354 1900 400 1977 A,
423 1899 452 1968 B
481 1899 513 1958 et
542 1895 691 1979 aequales
719 1899 752 1958 et
779 1878 926 1979 paralleli
955 1898 1031 1957 sunt
1055 1915 1101 1956 se-

91 2005 268 2084 canturque
301 2023 320 2065 a
343 2001 441 2086 plano
469 2007 551 2084 EA,
584 2023 770 2067 communes
799 2023 910 2064 eorum
939 1999 1098 2064 sectiones

90 2107 265 2192 parallelae
288 2107 649 2194 sunt[llucl.XI,16].
690 2130 804 2172 uerum
828 2107 926 2170 etiam
950 2105 1099 2190 aequales

93 2218 182 2298 sunt,
206 2218 282 2278 sunt
305 2214 391 2278 enim
415 2214 597 2298 aequalium
621 2213 815 2278 circulorum
838 2212 996 2276 diametri.
1041 2212 1101 2275 ita-

90 2342 153 2404 que
182 2321 208 2385 si
232 2321 438 2385 manentibus
461 2320 590 2405 punctis
614 2325 660 2403 A,
683 2324 711 2383 B
735 2320 910 2384 diametros
933 2325 965 2382 A
972 2321 1012 2401 Γ,
1036 2322 1102 2382 ΒΕ

89 2427 277 2491 finxerimus
292 2432 415 2492 rectam
424 2431 527 2492 ΕΘΓ
535 2449 593 2512 per
605 2426 743 2491 circulos
754 2431 795 2508 A,
805 2429 833 2488 B
844 2424 1100 2510 circumagentes

90 2538 125 2597 ct
151 2556 263 2598 rursus
290 2533 475 2615 restitutas,
502 2537 592 2597 recta
614 2534 718 2597 ΕΘΓ
736 2530 940 2614 superficiem
963 2530 1100 2615 cylindri

90 2640 251 2704 describet
275 2639 350 2724 [def.
372 2640 415 2725 ll,
439 2644 471 2704 et
489 2644 647 2724 punctum
668 2643 696 2703 Θ
713 2637 749 2702 in
767 2637 935 2722 superficie
954 2637 1024 2702 erit.
1067 2642 1101 2701 at

88 2751 181 2810 extra
213 2746 357 2830 positum
389 2751 473 2825 erat;
505 2746 590 2830 quod
622 2746 693 2810 fieri
724 2766 790 2809 non
821 2749 940 2829 potest.
989 2744 1101 2828 itaque

90 2856 198 2917 ΕΗΓ
228 2858 317 2917 recta
354 2857 411 2917 est.
467 2852 617 2917 similiter
654 2857 763 2916 autem
800 2851 899 2915 etiam
937 2856 1011 2915 ZA.
1068 2855 1100 2916 et

89 2964 195 3023 rectas
219 2964 297 3043 EZ,
320 2963 386 3024 ΓΛ
410 2961 558 3042 aequales
582 2963 615 3023 et
637 2959 808 3043 parallelas
831 2959 979 3043 iungunt.
1022 2980 1099 3044 ergo

89 3070 157 3129 EA
183 3065 524 3151 parallelogrammum
551 3069 601 3130 est
630 3065 735 3149 [Eucl.
758 3065 789 3150 Ι,
816 3065 888 3148 33];
917 3065 1002 3148 quod
1031 3070 1100 3129 erat

90 3172 385 3237 demonstrandum.
926 3181 934 3186 “

89 3363 321 3434 ἐπιζευγνυούσης
339 3383 365 3419 v.
446 3368 489 3417 24.
510 3367 570 3431 EZ,
588 3365 647 3434 PA]
669 3368 725 3432 ΓΔ,
742 3367 795 3416 ΕΖ
813 3382 840 3432 p.
914 3363 982 3432 EA]
1004 3367 1055 3416 ΓΖ
1072 3382 1100 3432 p.

125 3441 167 3491 25.
189 3433 257 3503 ὅπερ
278 3434 346 3506 ἔδει]
366 3452 419 3489 om.
439 3454 466 3503 p.
549 3435 651 3505 δεῖξαι]
671 3451 721 3503 vc,
742 3435 787 3499 ξαι
806 3434 843 3502 V,
867 3450 923 3487 om.
938 3451 972 3499 q.
1039 3433 1115 3493 Qec„

92 3503 154 3576 ἑξῆς
173 3507 204 3560 τὸ
224 3514 314 3577 σχῆμα
333 3507 381 3561 Vv
399 3507 454 3578 (fig.
475 3504 505 3562 in
523 3525 580 3578 mg.
602 3508 666 3578 est).
