2430 3854
115 167 156 231 16
382 169 469 222 ΠΕΡΙ
487 167 702 220 Κνιοιαυον
719 167 856 219 τοιιΗΣ.

596 326 640 391 δ’.

176 443 253 508 Ἐάν
284 444 458 527 καμπύλην
493 444 647 530 γραμμήν
676 442 832 528 ὑποτείνη
863 443 993 527 εὐθεῖα,
1026 446 1063 509 αί
1091 443 1128 510 δὲ

113 552 176 616 άπὸ
204 560 262 634 της
288 559 438 634 γραμμῆς
466 547 519 614 ἐπὶ
540 550 601 632 τήν
623 549 865 615 ὑποτείνουσαν
888 550 1024 617 κάθετοι
1052 558 1127 618 ἴσον

113 659 280 723 δύνωνται
303 666 348 746 τῷ
371 657 436 721 ὑπὸ
459 667 527 721 τῶν
549 657 726 740 τμημάτων
749 666 806 741 τής
828 657 1127 742 ὑποτεινούσης,·ή

78 776 94 825 5
113 766 245 852 γραμμή
268 765 393 829 κύκλου
415 761 607 849 περιφέρεια
631 767 729 828 ἔσται.

179 875 261 936 ἔστω
294 871 446 954 καμπύλη
477 872 609 955 γραμμή
639 869 658 962 ή
689 875 807 954 ΑΒΔ,
837 870 1059 937 ὑποτείνουσα
1090 869 1127 936 δέ

112 978 217 1060 αὑτήν
244 977 264 1061 η
294 983 364 1041 ΑΔ
391 977 520 1060 εύθεία,
552 975 607 1041 καὶ
634 976 771 1042 κάθετοι
798 978 957 1060 ήχθωσαν
985 976 1037 1042 ἐπὶ
1064 980 1127 1062 τήν

111 1090 181 1149 ΑΔ
204 1085 241 1148 αί
261 1088 339 1167 ΒΕ,
365 1087 440 1167 ΓΖ,
464 1081 519 1148 καὶ
541 1083 731 1149 ὑποκείσθω
755 1085 791 1147 τὸ
815 1079 875 1167 μὲν
897 1083 961 1148 άπὸ
985 1093 1043 1166 της
1061 1088 1128 1148 ΒΕ

113 1196 187 1256 ίσον
214 1199 260 1278 τῷ
285 1189 351 1255 ὑπὸ
375 1200 441 1255 τῶν
464 1196 545 1273 ΑΕ,
568 1196 650 1273 ΕΔ,
678 1191 714 1254 τὸ
739 1186 775 1254 δὲ
798 1188 861 1254 άπὸ
885 1200 942 1273 τής
966 1194 1026 1255 ΓΖ
1051 1197 1126 1255 λ’σον

61 1311 95 1360 10
114 1307 159 1384 τῷ
191 1296 257 1361 ὑπὸ
289 1302 400 1361 ΑΖΔ.
452 1295 549 1380 λέγω,
578 1297 628 1362 ὅτι
655 1295 675 1378 ή
703 1301 809 1360 ΑΒΔ
837 1297 961 1361 κύκλου
991 1296 1125 1381 περιφέ-

113 1404 186 1490 ρειά
209 1403 286 1468 ἐστι.

178 1513 351 1596 τετμήσθω
379 1512 454 1595 δίχα
477 1512 498 1595 ἡ
520 1516 591 1574 ΑΛ
612 1511 694 1574 κατά
717 1512 754 1574 τὸ
777 1513 827 1594 Η,
849 1508 904 1574 καὶ
928 1508 1125 1594 ἐπεζεύχθω-

112 1634 175 1682 σαν
205 1619 242 1682 αί
269 1622 352 1701 ΗΒ,
380 1621 458 1682 ΗΓ.
513 1615 582 1682 ἐπεὶ
613 1612 676 1683 οὑν
704 1619 741 1681 τὸ
772 1616 835 1681 άπὸ
866 1626 922 1701 τής
950 1620 1022 1681 ΗΔ
1050 1623 1125 1682 λ’σον

113 1722 181 1788 ἐστὶ
204 1733 249 1811 τῳ
274 1748 308 1788 τε
332 1723 395 1789 άπὸ
418 1733 476 1807 τής
495 1727 565 1787 ΗΕ
586 1721 640 1788 καὶ
663 1732 709 1811 τῷ
732 1722 797 1788 ὑπὸ
820 1734 887 1787 τῶν
906 1728 986 1806 ΑΕ,
1006 1724 1123 1805 ΕΛ,ὅ

60 1842 93 1890 15
113 1829 182 1894 ἐστι
209 1831 245 1894 τὸ
274 1829 337 1894 άπὸ
363 1838 420 1912 της
442 1834 520 1913 ΒΕ,
543 1829 627 1895 ἀλλὰ
649 1827 704 1894 καὶ
726 1830 763 1894 τὸ
788 1826 851 1893 άπὸ
874 1837 932 1912 τής
955 1832 1028 1892 ΒΗ
1048 1834 1124 1894 ἴσον

112 1935 180 2001 ἐστὶ
216 1948 286 2013 τοῖς
318 1934 381 2000 άπδ
414 1940 498 2019 ΗΕ,
523 1940 601 2019 ΕΒ,
635 1942 688 2019 ίση
721 1938 784 2021 άρα
815 1936 835 2019 ἡ
868 1939 942 1999 ΒΗ
968 1946 1008 2020 τή
1040 1939 1122 1999 ΗΛ.

112 2043 233 2127 ὁμοίως
260 2040 297 2108 δὲ
323 2041 379 2107 καὶ
406 2041 426 2125 ή
458 2045 530 2106 ΓΗ
553 2052 593 2128 τῇ
621 2046 693 2106 ΗΛ
722 2049 775 2125 ίση
806 2043 973 2106 δείκνυται
1003 2040 1058 2106 καὶ
1088 2044 1125 2106 αί

43 2135 46 2140 ’
111 2152 220 2214 άλλαι·
245 2147 440 2234 ἡμικύκλιον
463 2150 526 2233 άρα
548 2150 585 2214 τὸ
610 2153 722 2212 ΑΒΔ.

597 2367 637 2408 ε.

58 2462 92 2511 20
175 2450 251 2516 Ἐδιν
285 2450 462 2537 κύλινδρος
494 2449 635 2539 ἐπιπέδῳ
672 2457 783 2535 τμηθή
819 2452 1018 2538 παραλλήλῳ
1050 2462 1123 2526 ταῖς

111 2558 258 2642 βάσεσιν,
281 2558 301 2641 ή
324 2561 406 2643 τομή
429 2555 550 2633 κύκλος
571 2560 661 2622 ἔσται
679 2558 716 2621 τὸ
734 2555 874 2643 κέντρον
892 2560 976 2641 ἔχων
995 2555 1048 2621 ἐπὶ
1061 2567 1121 2621 τοῦ

110 2663 236 2742 άξονος.

86 2849 89 2855 ,
177 2775 258 2836 έστω
289 2769 480 2856 κύλινδρος,
511 2766 551 2835 οὑ
579 2770 691 2854 βάσεις
720 2767 780 2855 μὲν
808 2772 843 2836 οί
868 2777 914 2854 Α,
937 2775 966 2834 Β
994 2768 1120 2853 κύκλοι,

111 2877 198 2956 άξων
229 2874 266 2941 δὲ
298 2877 317 2960 η
346 2881 411 2941 ΑΒ
444 2877 574 2959 εὐθεῖα,
600 2874 656 2941 καὶ
687 2878 859 2960 τετμήσθω
893 2876 910 2942 ὁ
942 2875 1121 2961 κύλινδρος

59 2994 92 3042 25
111 2982 253 3072 ἐπιπέδῳ
281 2985 477 3072 παραλλήλῳ
505 2994 576 3060 ταῖς
603 2984 718 3067 βάσεσι
744 2992 898 3049 ποιοῦντι
926 2984 962 3049 ἐν
989 2993 1028 3069 τή
1052 2982 1121 3047 ἐπι-

111 3095 232 3178 φανείᾳ
254 3099 314 3156 τοῦ
337 3091 518 3175 κυλίνδρου
542 3092 603 3174 τήν
627 3090 724 3164 ΓΞΛ
746 3091 908 3175 γραμμήν.
950 3089 1044 3173 λέγω,
1069 3091 1119 3155 ὅτι

110 3198 130 3282 ή
155 3197 252 3271 ΓΞΛ
275 3199 406 3284 γραμμή
428 3194 552 3262 κύκλου
576 3195 645 3262 ἐστὶ
667 3196 866 3282 περιφέρεια.

182 3387 206 3437 2.
225 3383 298 3436 Ante
318 3378 368 3435 ἐάν
387 3357 565 3452 ισοὲιης.
585 3381 709 3436 m.1V.
800 3387 824 3435 ο.
848 3381 941 3450 ΑΒΔ]
964 3383 1072 3433 ΑΒΓΔ
1091 3397 1117 3447 p.

147 3459 188 3508 ιο.
207 3454 300 3524 ΑΖΔ]
319 3461 374 3507 τοι
392 3456 451 3519 Az,
469 3457 520 3508 ΖΛ
536 3472 563 3522 p.
636 3453 728 3523 ΑΒΔ]
747 3456 853 3506 ΑΒΓΔ
871 3470 897 3520 p.
971 3456 1013 3504 ιε.
1032 3451 1049 3520 ἡ
1069 3457 1117 3504 ΑΔ

72 3521 210 3588 amp,
305 3529 348 3578 15.
374 3523 499 3599 w'(pr.)]
518 3544 550 3596 p,
574 3529 611 3599 τῷ
631 3525 683 3580 Vc.
770 3524 840 3594 ΒΕ]
861 3525 912 3576 ΕΒ
930 3539 956 3589 p.
1045 3522 1116 3593 ΒΗ]
