2430 3854
123 152 185 216 192
434 156 522 206 ΠΕΡΙ
539 155 668 207 muoz*
687 156 822 209 ΤοιιΗΣ.

120 320 232 380 νυται,
256 298 306 362 ὅτι
329 295 384 362 καὶ
406 298 541 364 πᾶντων
563 309 630 364 τῶν
651 301 882 386 παραλλήλους
904 299 1020 384 βᾶσεις
1043 299 1135 384 ε’χόν-

121 428 188 469 των
217 415 256 490 τῇ
285 407 358 470 ΓΛ.
405 406 442 470 τὸ
472 408 575 470 ΑΓΛ
601 408 666 491 ἄρα
702 404 856 490 μέγιστόν
893 406 963 471 ε’στι
999 406 1136 471 πάντων

122 524 189 576 τῶν
215 513 447 596 παραλλήλους
474 512 586 595 βᾶσεις
613 511 757 596 ἐχόντων
784 523 823 598 τῇ
852 516 929 577 ΓΔ·
959 513 1039 598 ὅπερ
1068 515 1135 578 ἔδει

123 617 235 696 δεῖξαι.

87 759 102 807 5
606 742 648 809 λ’.

186 865 262 932 Ἐὰν
291 864 327 934 δὲ
353 867 374 951 ἡ
403 867 467 934 ἄπὸ
491 877 551 933 τοῦ
575 875 607 933 A
629 869 770 946 κᾶδετος
793 866 846 934 ἐπὶ
868 871 929 953 τήν
954 873 1020 935 ΓΛ
1044 869 1136 935 ἐλᾶτ-

122 999 189 1040 των
211 970 233 1062 ᾖ
256 985 314 1058 τῆς
337 975 372 1040 ἐκ
394 985 455 1040 τοῦ
479 974 634 1061 κέντρου,
661 976 698 1040 τὸ
722 979 824 1041 ΛΓΔ
847 976 907 1041 οὐκ
931 979 1022 1041 ἔσται
1045 976 1135 1060 μέγι-

122 1099 202 1148 στον
231 1093 299 1148 τῶν
328 1083 386 1158 τὰς
414 1085 645 1168 παραλλήλους
676 1092 715 1168 τῇ
749 1085 814 1148 ΓΔ
845 1082 957 1166 βάσεις
989 1082 1136 1167 ἐχόντων

122 1191 307 1274 τριγώνων·
331 1189 351 1273 ἡ
376 1185 413 1253 δὲ
436 1189 519 1273 αὐτή
543 1187 643 1266 δεῖξις
664 1187 719 1254 καλ
742 1191 946 1274 καταγραφή.

71 1311 104 1359 10
190 1294 259 1360 ἐπεὶ
287 1297 350 1381 γὰρ
378 1294 399 1377 ή
428 1299 495 1360 ΗΒ
524 1295 667 1361 ε’λᾶττων
694 1305 751 1379 τῆς
779 1294 814 1360 ἐκ
836 1304 896 1359 τοῦ
918 1294 1074 1382 κέντρου,
1099 1299 1135 1362 τὸ

122 1405 187 1487 ἄρα
206 1407 245 1467 Η
247 1405 307 1466 ΓΔ
330 1401 392 1466 οὐκ
415 1405 506 1466 ἔσται
529 1400 683 1485 μέγιστον
705 1413 773 1466 τῶν
790 1404 1022 1486 παραλλήλους
1046 1403 1136 1491 αὐτῷ

123 1510 235 1592 βάσεις
262 1508 418 1592 ἑχόντων·
442 1507 576 1592 ἐδείχθη
599 1509 663 1592 γὰρ
686 1506 742 1572 καὶ
764 1511 895 1593 μείζονα
922 1509 1027 1573 αὐτοῦ
1056 1527 1135 1576 συν-

124 1615 281 1698 ιστάμενα
301 1612 356 1678 καλ
380 1614 538 1679 ἐλᾶττονα
560 1612 616 1679 καλ
635 1621 698 1679 ἴσα.
736 1617 767 1680 ελ
783 1612 843 1699 μὲν
861 1610 923 1681 οὖν
942 1619 1079 1680 ἔλαττον
1098 1619 1135 1681 τὸ

124 1725 229 1787 ΗΓΛ
259 1730 319 1785 τοῦ
353 1725 470 1804 ΗΕΖ,
508 1723 642 1786 ἔλαττον
672 1724 761 1786 ἔσται
790 1720 845 1785 καὶ
874 1723 912 1786 τὸ
942 1725 1043 1786 ΑΓΔ
1076 1733 1136 1788 τοῦ

72 1843 104 1891 15
124 1833 237 1912 AEZ,
266 1830 297 1892 ελ
322 1825 359 1892 δὲ
386 1831 496 1913 μεῖζον
523 1829 560 1893 τὸ
590 1831 696 1892 ΗΓΔ
718 1837 778 1892 τοῦ
802 1832 918 1912 ΗΕΖ,
946 1832 1057 1912 μεῖζον
1080 1828 1136 1894 καὶ

123 1937 159 1999 τὸ
183 1938 286 2001 ΑΓΛ
309 1943 368 1999 τοῦ
392 1939 504 2018 ΑΕΖ,
527 1932 582 1998 καὶ
606 1939 679 1999 ἴσον
702 1933 831 2018 ὁμοίως.

594 2127 658 2194 λα’.

187 2252 263 2319 Ἐὰν
287 2254 323 2318 ἐν
346 2259 500 2342 σκαληνῷ
523 2255 619 2340 κώνῳ
643 2252 802 2338 τμηθέντι
825 2255 881 2318 διᾶ
904 2263 962 2338 τῆς
984 2265 1136 2339 κορυφῆς

124 2359 290 2438 ἐπιπέδοις
320 2359 373 2426 ἐπὶ
402 2363 622 2446 παραλλήλων
649 2359 779 2444 βᾶσεων
809 2363 959 2443 λσοσκελή
989 2365 1136 2446 τρίγωνα

71 2483 105 2531 20
124 2476 238 2553 συστῇ,
261 2468 279 2533 ὁ
303 2464 339 2533 δὲ
363 2466 451 2545 ἄξων
474 2477 534 2532 τοῦ
552 2469 662 2532 κώνου
681 2469 725 2551 μή
745 2467 888 2532 ε’λᾶττων
905 2462 927 2553 ᾖ
945 2477 1002 2550 τῆς
1021 2468 1057 2532 ἐκ
1076 2478 1135 2534 τοῦ

124 2573 262 2659 κέντρου
285 2584 343 2658 τῆς
366 2575 505 2658 βᾶσεως,
532 2576 569 2639 τὸ
594 2575 650 2639 διὰ
672 2583 732 2638 τοῦ
755 2572 871 2651 ἄξονος
895 2572 1058 2650 ἰσοσκελὲς
1081 2575 1136 2660 με’-

125 2697 240 2762 γιστον
267 2684 358 2745 ἔσται
384 2681 520 2746 πάντων
547 2691 615 2747 τῶν
643 2683 821 2745 ἰσοσκελῶν
848 2691 915 2745 τῶν
940 2681 1136 2766 συνισταμέ-

125 2810 210 2869 νων,
234 2785 286 2871 ἐφ’
313 2785 330 2850 ὃ
354 2786 452 2872 μέρος
474 2788 649 2873 προσνεύει
672 2787 690 2852 ὁ
714 2785 810 2864 ἄξων.

194 2896 275 2957 ἔστω
298 2903 414 2977 κῶνος,
437 2887 478 2957 οὗ
502 2892 589 2971 ἄξων
611 2890 672 2978 μὲν
695 2893 712 2959 ὁ
736 2898 818 2978 ΑΒ,
841 2894 936 2978 βασις
960 2891 997 2959 δὲ
1020 2895 1037 2959 ὁ
1060 2893 1136 2979 περὶ

198 3094 222 3143 2.
249 3087 281 3142 τὸ
309 3090 389 3140 ΑΓΔ
415 3117 448 3126 -
476 3093 500 3140 4.
527 3085 633 3158 δεῖξαι]
666 3102 720 3140 om.
746 3105 774 3156 p.
873 3090 897 3139 5.
926 3086 966 3156 λ’]
1004 3102 1057 3140 om.
1082 3087 1135 3154 Vc,

127 3159 179 3214 κδ’
194 3177 222 3228 p.
300 3165 324 3212 8.
343 3155 405 3228 τώς]
425 3173 477 3212 om.
496 3175 523 3226 p.
606 3162 630 3212 9.
649 3157 667 3227 ἡ
686 3188 721 3198 -
739 3156 919 3228 καταγραφή]
943 3156 989 3210 ἐπὶ
1012 3156 1065 3226 γὰρ
1088 3166 1137 3227 τῆς

128 3231 213 3299 αὐτῆς
236 3237 419 3300 καταγραφῆς
441 3246 469 3297 p.
566 3232 607 3282 10.
631 3227 697 3300 γᾶρ]
718 3244 770 3283 om.
785 3247 812 3298 p.
903 3226 1034 3299 ἐλάττων]
1059 3227 1136 3282 ἐλᾶτ-

26 3363 28 3368 ,
128 3320 183 3355 των
207 3298 262 3355 ἐστί
284 3319 311 3370 p.
398 3305 440 3354 12.
463 3300 531 3353 Post
553 3297 606 3368 γάρ
630 3300 694 3354 add.
714 3305 732 3366 †
750 3318 786 3354 m.
805 3315 859 3353 rec.
878 3300 904 3353 V
924 3299 965 3369 (in
988 3317 1043 3368 mg.
1062 3317 1136 3352 nunc

127 3371 200 3424 nihil
232 3374 398 3442 comparet).
501 3367 550 3425 καί
577 3402 610 3411 -
638 3371 742 3441 αὐτοῦ]
775 3371 860 3425 αὐτοῦ
888 3370 937 3424 καὶ
965 3368 1077 3439 μείζονα
1109 3390 1135 3440 p.

147 3448 211 3511 Ι16,
239 3439 303 3515 καί]
332 3442 358 3497 εἰ
379 3439 411 3496 δὲ
435 3440 495 3497 λσον
522 3460 549 3511 p.
645 3446 686 3496 17.
714 3441 774 3514 λα’]
800 3459 853 3496 om.
872 3441 930 3510 Vc,
958 3442 1023 3510 λ’Ῑ)
1049 3444 1077 3495 et
1100 3461 1135 3495 m.

72 3438 169 3615 'a
200 3513 227 3569 V.
323 3520 366 3573 18.
397 3513 447 3590 ἐν]
469 3533 502 3589 p,
530 3531 585 3573 om.
608 3513 690 3572 ἄπο.
778 3509 935 3582 τρηδέυτιή
957 3529 1013 3565 (m.
1031 3531 1060 3579 ρ.
