2430 3854
129 158 191 221 132
441 161 526 210 ΠΕΡΙ
544 161 827 212 Κααουυοαιιε.

127 304 164 366 τὸ
188 304 252 387 άρα
271 309 302 366 Α
309 305 370 366 ΓΔ
393 311 452 366 τοῦ
471 308 574 366 ΑΖΔ
597 305 706 386 μεῖζόν
725 302 823 367 ε’στιν.
861 302 944 368 ἀλλὰ
967 314 1012 391 τῷ
1034 310 1138 369 ΑΖΔ

129 416 202 474 ἴσον
230 407 382 492 ἕκαστον,
410 404 450 474 οὗ
477 409 497 492 ἡ
525 408 621 491 βάσις
649 415 702 491 ἴση
731 408 799 474 ἐστὶ
827 417 866 493 τη
896 413 975 474 ΖΔ·
1007 413 1045 475 τὸ
1074 414 1139 497 άρα

128 523 160 580 A
167 520 227 581 ΓΔ
254 517 377 593 παντὸς
398 517 563 602 τριγώνου
587 519 696 600 μεῖζόν
719 516 824 599 ἐστιν,
852 512 893 581 οὗ
920 516 940 599 ἡ
964 517 1061 600 βάσις
1085 524 1138 600 ἴση

128 620 198 688 ἐστὶ
220 631 260 706 τη
285 628 358 686 ΖΔ.

36 773 39 778 «
92 743 109 789 5
196 731 226 794 εἴ
244 725 399 812 δδὴΑΒ
419 733 540 814 τῇΒΔ
564 735 628 812 ἴση,
652 735 706 812 ἴση
726 731 789 815 άρα
807 728 985 813 ααῖηΑΘ
1007 741 1047 816 τῇ
1064 736 1138 795 ΘΔ·

127 836 250 920 ὁμοίως
277 837 341 919 άρα
368 836 404 899 τὸ
432 835 497 899 ὑπὸ
522 842 553 899 A
562 840 604 918 Θ,
620 840 709 919 ΘΔ,
737 835 886 901 τουτέστι
914 838 950 901 τὸ
977 836 1041 901 άττὸ
1065 842 1093 901 Β
1102 842 1138 920 Θ,

129 945 238 1026 μειζών
261 940 329 1005 ἐστι
352 950 411 1005 τοῦ
434 941 499 1005 ὑπὸ
519 945 597 1024 AK,
616 945 696 1025 KA,
720 942 868 1007 τουτέστι
891 951 951 1007 τοῦ
974 943 1039 1008 άπὸ
1059 948 1138 1008 ΗΚ.

129 1048 149 1131 ἡ
178 1051 241 1133 άρα
264 1053 292 1112 Β
301 1053 329 1112 Θ
355 1051 473 1131 μείζων
501 1046 569 1113 ἐστὶ
597 1057 656 1131 τῆς
678 1052 764 1131 ΚΗ,
795 1047 851 1113 καὶ
878 1050 915 1113 τὸ
940 1054 1044 1113 ΑΒΔ
1071 1055 1139 1135 τρί-

130 1179 240 1237 γωνον
258 1164 317 1220 τοῦ
338 1159 446 1219 ΑΗΔ
469 1155 635 1239 τριγώνου
654 1158 773 1237 μεῖζον.
810 1155 932 1238 ὁμοίως
950 1151 987 1219 δὲ
1006 1156 1139 1240 δειχθή-

78 1275 111 1323 10
128 1279 234 1347 σεται,
260 1261 324 1325 κάν
350 1263 452 1337 Anae
479 1261 591 1343 βάσεις
614 1260 835 1345 διαγάγωμεν·
868 1261 950 1326 ὥστε
974 1264 1011 1326 τὸ
1035 1263 1140 1339 οὕτως

130 1372 207 1451 ἕχον
234 1371 365 1451 μείζονα
390 1367 489 1450 βάσιν
511 1370 677 1452 τρίγωνον
700 1371 810 1452 μειζών
833 1367 901 1432 ε’στι
925 1377 984 1432 τοῦ
1008 1372 1140 1452 ἔχοντος

129 1475 301 1539 ἐλάσσονα.

619 1597 654 1677 ζ’.

189 1721 259 1787 Ὅτι
279 1719 315 1787 δὲ
335 1724 407 1807 ίηΗ
409 1726 444 1786 Κ
460 1722 602 1800 κάθετός
620 1722 708 1788 ἐστιν
727 1722 780 1787 ε”ιιὶ
798 1725 858 1807 την
873 1728 948 1805 ΑΔ,
973 1723 1142 1787 δείκνυται

77 1840 113 1887 15
130 1830 246 1906 οὕτως.

199 1935 363 2021 τριγώνου
388 1937 451 2020 γάρ
475 1935 685 2021 ὀρθογωνίου
709 1943 768 1998 τοῦ
792 1936 900 1998 ΑΗΔ
924 1936 1100 2019 διῃρήσθω
1123 1935 1142 2018 ἡ

133 2043 230 2126 βάσις
252 2043 317 2107 ὑπὸ
341 2053 399 2126 τῆς
421 2046 507 2125 ΗΚ,
531 2043 613 2106 ὥστε
636 2035 731 2124 εἴναι,
754 2040 799 2116 ὡς
821 2041 857 2104 τὸ
882 2040 944 2104 άιιὸ
967 2045 1044 2104 ΑΗ
1063 2043 1143 2126 πρὸς

133 2151 170 2214 τὸ
199 2149 262 2214 άπὸ
290 2153 377 2232 ΗΔ,
405 2149 511 2223 οὕτως
537 2149 598 2231 τὴν
626 2151 697 2211 ΑΚ
722 2148 804 2231 πρὸς
832 2149 909 2210 ΚΔ.
961 2147 1066 2232 λέγω,
1094 2149 1143 2214 ὅτι

132 2257 273 2331 κάθετός
296 2254 385 2319 ἐστιν
407 2253 427 2336 ἡ
452 2258 526 2317 ΗΚ
546 2252 598 2318 ἐπὶ
621 2255 682 2336 την
706 2259 782 2317 ΑΔ.

77 2371 113 2420 20
199 2364 230 2427 εἴ
255 2364 318 2446 γὰρ
346 2362 405 2445 μή,
434 2363 515 2425 ἴστω
538 2360 558 2443 ἡ
582 2364 654 2423 ΗΛ
679 2360 831 2435 κάθετος·
862 2359 906 2435 ὡς
929 2360 993 2445 άρα
1016 2361 1054 2423 τὸ
1080 2360 1141 2424 άιιὸ

132 2475 206 2534 ΗΑ
233 2470 315 2555 πρὸς
342 2469 378 2532 τὸ
405 2468 468 2532 άτδ
491 2471 579 2549 ΗΔ,
608 2465 713 2541 οὕτως
735 2464 755 2547 η
779 2469 847 2529 ΑΛ
873 2467 956 2550 πρὸς
979 2461 1040 2550 τὴν
1066 2472 1142 2532 AA.

133 2571 175 2658 ἦν
194 2575 241 2658 δέ,
265 2576 308 2651 ώς
327 2577 363 2639 τὸ
383 2574 446 2639 άτιὸ
466 2578 540 2638 ΑΗ
559 2573 642 2657 πρὸς
665 2573 701 2635 τὸ
721 2570 784 2635 άπὸ
804 2575 886 2654 ΗΔ,
910 2572 1014 2650 οὕτως
1035 2574 1055 2657 η
1076 2578 1146 2639 ΑΚ

133 2684 216 2766 πρὸς
239 2685 320 2746 KA·
354 2685 443 2746 ἔσται
467 2682 544 2765 άρα,
573 2680 618 2756 ώς
640 2678 659 2761 ἡ
684 2682 751 2742 ΑΑ
778 2679 862 2762 πρὸς
885 2681 967 2760 ΑΔ,
995 2680 1143 2764 οὕτωςὴ

134 2791 206 2851 AK
226 2789 308 2871 πρὸς
331 2791 414 2851 ΚΔ·
440 2786 518 2871 ὅπερ
543 2788 675 2851 άτοιιον.
722 2785 782 2849 οὐκ
805 2786 869 2869 άρα
891 2784 1032 2861 κάθετός
1056 2787 1144 2851 ἐστιν

83 2901 116 2950 25
135 2894 156 2977 ἡ
175 2896 255 2958 ΗΔ.
292 2893 413 2977 ὁμοίως
436 2889 473 2956 δὲ
496 2894 675 2975 δείκνυται,
699 2892 749 2956 ὅτι
772 2888 851 2957 οὐδὲ
874 2893 956 2974 άλλη
978 2893 1069 2977 πλην
1089 2902 1145 2977 τῆς

134 3004 219 3066 ΗΚ·
245 3000 265 3083 η
289 3002 353 3085 άρα
376 3003 451 3063 ΗΚ
469 2999 610 3076 κάθετός
633 2998 722 3064 ἐστιν
746 2996 798 3063 ἐπὶ
820 3000 882 3081 την
904 3002 985 3062 ΑΔ.

208 3237 231 3284 1.
251 3233 329 3283 ΑΓΔ
348 3260 381 3268 -
401 3228 485 3299 ἐστιν]
505 3231 583 3281 ΑΓΔ
603 3225 695 3294 μεῖζόν
715 3226 770 3280 ἐστι
789 3234 837 3280 τοῦ
857 3230 939 3279 ΑΖΔ
956 3244 983 3294 p.
1046 3235 1096 3280 τοῦ
1113 3259 1144 3266 -

136 3309 159 3355 3.
180 3303 269 3373 ΑΓΔ]
289 3318 342 3355 om.
362 3317 384 3353 ο.
457 3305 482 3353 2.
501 3298 532 3351 τδ
552 3297 659 3365 άρα-
679 3303 704 3351 4.
727 3297 788 3368 ΖΔ]
809 3315 862 3351 om.
880 3315 908 3366 p.
986 3302 1010 3351 8.
1032 3299 1099 3368 ΒΘ]
1118 3315 1144 3366 p,

136 3372 283 3427 ΑΒΘἿο.
330 3372 518 3441 KH]HKp.
567 3374 606 3422 13.
626 3367 663 3438 ζ’]
682 3386 709 3437 p,
729 3367 938 3438 mg.m.rec.V.
986 3369 1143 3438 16.AHA]

136 3447 222 3496 ΑΗΔ
241 3443 333 3512 ὀρθὴν
348 3441 458 3513 ἔχοντος
476 3441 527 3510 τὴν
541 3439 611 3508 τιρδς
624 3444 661 3511 τῷ
678 3444 708 3493 Η
719 3441 824 3509 γωνίαν
842 3458 869 3509 p.
925 3443 966 3492 17.
985 3436 1079 3511 βάσις]
1094 3439 1145 3508 τὴν

72 3560 113 3616 ι
126 3513 225 3582 ὀρθήν
240 3511 352 3594 γωνίαν
370 3509 558 3569 ὑποτείνουσα
576 3507 738 3580 τοοτέστκν)
757 3510 775 3579 ἡ
793 3515 842 3563 ΑΔ
859 3528 886 3578 p.
950 3509 1023 3580 AH]
1044 3515 1100 3565 HA
1117 3529 1143 3580 p.
