2430 3854
125 154 145 217 6
393 158 480 207 ΠΕΡΙ
497 156 712 208 ΚΤΛΙΝΔΡΟΤ
731 157 865 209 ΤΟΜΗΣ.

123 323 233 384 φαμεν
259 305 528 384 περιενεχθεῖσαν
560 299 702 385 γράφειν
734 302 794 384 τῆν
821 301 1037 386 κυλινδρικῆν
1066 300 1138 366 έπι-

125 406 275 490 φάνειαν.

189 532 257 586 τῶν
284 519 320 586 δέ
348 513 537 607 κυλίνδρων
565 519 664 607 ὀρθοὶ
692 518 752 606 μέν
781 522 816 586 οί
840 523 899 585 τὸν
926 519 1027 599 ἄξονα
1053 524 1139 608 πρὸς

124 627 231 714 ὀρθάς
259 632 387 712 ἔχοντες
414 639 485 704 ταῖς
512 628 641 711 βάσεσι,
671 625 828 710 σκαληνολ
856 625 893 692 δέ
920 629 955 692 οί
980 630 1023 712 μῆ
1052 631 1138 714 πρὸς

91 746 106 794 5
125 736 231 822 ὀρθάς
254 739 383 819 ἔχοντες
406 746 478 811 ταῖς
499 735 614 817 βάσεσι
637 736 696 799 τὸν
719 732 827 812 ἀξονα.

189 850 340 937 ὁριστέον
363 846 400 914 δέ
422 850 505 913 κατά
526 847 747 914 Ἀπολλώνιον
770 848 824 914 καὶ
847 850 937 914 τάδε·

188 967 293 1049 πάσης
325 967 496 1050 καμπύλης
526 975 675 1050 γραμμῆς
705 964 740 1029 έν
760 963 822 1029 ένὶ
860 963 1000 1052 ἐπιπέδῳ
1034 967 1139 1049 οὐσης

123 1075 296 1158 διάμετρος
322 1076 487 1137 καλείσθω
517 1072 632 1136 εὐθεῖά
660 1095 722 1155 τις,
749 1072 821 1154 ῆτις
843 1070 966 1156 ῆγμένη
990 1073 1054 1137 ἀπὸ
1077 1083 1138 1156 τῆς

120 1181 291 1265 καμπύλης
313 1187 463 1264 γραμμῆς
484 1178 591 1254 πάσας
613 1179 671 1254 τάς
695 1176 857 1262 ἀγομένας
880 1177 916 1242 ἐν
941 1187 980 1263 τῆ
1000 1188 1136 1264 γραμμῆ

73 1294 106 1369 ,¹⁰
126 1287 258 1362 εὐθείας
281 1285 397 1372 εὐθείᾳ
419 1283 486 1349 τινὶ
504 1286 736 1371 παραλλήλους
754 1285 830 1368 δίχα
848 1286 979 1369 διαιρεῖ,
1003 1287 1137 1370 κορυφῆ

124 1391 160 1457 δέ
190 1401 247 1476 τῆς
283 1402 434 1477 γραμμῆς
468 1393 505 1455 τὸ
537 1389 639 1476 πέρας
668 1400 725 1474 τῆς
754 1391 887 1467 εὐθείας
916 1393 953 1456 τὸ
983 1393 1066 1476 πρὸς
1096 1401 1137 1476 τῆ

122 1509 268 1584 γραμμῆ,
300 1503 502 1582 τεταγμένως
532 1494 569 1562 δ“ε
597 1495 650 1562 ἐπὶ
677 1499 738 1581 τὴν
766 1498 943 1583 διάμετρον
971 1504 1138 1582 κατῆχθαι

123 1604 262 1688 ἑκάστην
285 1616 351 1670 τῶν
374 1607 602 1700 παραλλήλων.

190 1724 340 1802 συζυγεῖς
372 1717 408 1784 δέ
441 1720 610 1805 διάμετροι
637 1723 883 1803 καλείσθωσαν,
916 1720 1038 1795 αἵτινες
1071 1718 1138 1785 ἀπὸ

73 1833 105 1882 15
124 1838 182 1912 τῆς
215 1835 366 1913 γραμμῆς
400 1825 603 1909 τεταγμένως
632 1825 785 1909 ἀχθεῖσαι
816 1824 869 1890 ἐπὶ
898 1827 956 1902 τὰς
985 1829 1139 1907 συζυγεῖς

122 1932 318 2020 διαμέτρους
340 1933 461 2017 ὁμοίως
485 1933 586 2009 αὐτοῖς
608 1931 774 2016 τέμνουσι.

189 2050 350 2114 τοιούτων
386 2045 422 2112 δέ
456 2059 616 2133 γραμμῶν
649 2046 885 2132 ὑφισταμένων
913 2046 968 2112 καὶ
999 2047 1034 2112 ἐν
1064 2060 1139 2125 ταῖς

123 2161 277 2240 πλαγίαις
304 2166 417 2240 τομαῖς
444 2163 503 2219 τοῦ
531 2136 713 2239 κυλίνδρου
741 2154 761 2238 ἡ
785 2155 956 2238 διχοτομία
979 2163 1036 2237 τῆς
1064 2155 1140 2220 δια-

124 2262 243 2347 μέτρου
278 2261 416 2347 κέντρον
443 2271 501 2345 τῆς
528 2271 628 2345 τομῆς
654 2264 835 2343 καλείσθω,
863 2261 883 2345 ἡ
916 2258 953 2325 δέ
981 2260 1044 2326 ἀπὸ
1074 2271 1137 2327 τοῦ

72 2378 106 2425 20
124 2368 261 2455 κέντρου
281 2368 334 2433 ἐπὶ
353 2370 413 2452 τῆν
430 2369 584 2453 γραμμὴν
602 2369 853 2453 προσπίπτουσα
871 2366 906 2431 έκ
920 2376 980 2431 τοῦ
994 2365 1136 2452 κέντρου

124 2485 181 2559 τῖι
204 2485 361 2560 κοιναῖς·

190 2590 210 2673 ἡ
235 2587 271 2655 δέ
294 2592 350 2654 διὰ
373 2600 432 2654 τοῦ
455 2589 593 2674 κέντρου
617 2597 674 2671 τῆς
697 2598 797 2672 τομῆς
819 2591 907 2674 παρά
930 2588 1136 2672 τεταγμένως

124 2695 329 2780 κατηγμένην
366 2696 505 2779 ἀχθεῖσα
541 2694 766 2779 περατουμένη
798 2695 863 2761 ὑπὸ
896 2704 953 2779 τῆς
985 2705 1137 2779 γραμμῆς

125 2803 262 2888 δευτέρα
292 2803 465 2887 διάμετρος
491 2805 670 2866 καλείσθω·
708 2803 916 2886 δειχθήσεται
939 2803 1002 2887 γάρ
1028 2802 1138 2879 πάσας

70 2919 105 2970 25
125 2911 182 2986 τάς
213 2907 375 2993 ἀγομένας
407 2908 442 2973 έν
475 2919 513 2994 τῆ
541 2919 622 2993 τομῆ
650 2909 739 2993 παρὰ
766 2910 826 2992 τὴν
854 2909 1030 2993 διάμετρον
1058 2910 1137 2992 δίχα

123 3016 296 3101 τέμνουσα.

197 3305 221 3351 4.
242 3294 375 3366 σκαληνοί
396 3329 427 3335 -
448 3301 471 3350 5.
492 3294 599 3367 βάσεσι]
620 3311 672 3349 0111.
691 3314 718 3365 p.
802 3302 825 3349 7.
845 3296 914 3348 Post
932 3303 1059 3365 γραμμῆς
1078 3295 1135 3352 del.

124 3370 155 3425 τὸ
175 3367 261 3436 πέρας
279 3376 327 3437 τῆς
347 3365 461 3429 εὐθείας
480 3384 502 3420 ο.
559 3373 582 3421 9.
598 3365 689 3428 πάσας
705 3398 737 3406 -
754 3372 794 3420 11.
810 3368 947 3438 γραμμῆς]
967 3385 993 3435 p,
1015 3383 1067 3420 om.
1078 3367 1136 3424 Vc,

163 3447 202 3494 10.
223 3439 351 3509 κορυφήν
371 3454 459 3508 comp.
480 3437 565 3492 dubio
584 3457 611 3507 p.
689 3443 730 3491 12.
750 3446 885 3507 κατῆκται
904 3456 925 3492 ο.
1005 3444 1046 3491 16.
1066 3436 1136 3510 δίχα

116 3509 250 3575 τεμνονσι
266 3510 379 3580 Ηειλλθγ.
455 3515 496 3566 19.
516 3509 533 3580 ἡ
553 3507 585 3563 δέ
600 3541 633 3550 -
648 3514 689 3563 24.
705 3506 857 3580 καλείσθω]
876 3527 931 3578 mg.
945 3527 981 3562 m.
1000 3517 1046 3578 lp
1066 3509 1137 3579 (κεί-
