2430 3854
352 761 478 879 ΠΕΡε
503 731 689 834 πονου
715 760 909 846 νοΜΗΣ.

195 939 259 1019 Τῆς
282 934 318 1001 έν
341 947 410 1010 τοῖς
432 935 552 1010 κώνοις
574 944 689 1018 τομῆς,
712 936 825 1020 ἄριστε
848 938 953 1020 Κῦρε,
977 935 1058 1000 ὅταν
1084 937 1142 1001 θεολ

124 1052 181 1126 τῆς
208 1050 358 1126 κορυφῆς
386 1041 497 1105 αὐτῶν
524 1044 670 1126 γίνηται,
698 1045 843 1128 τρίγωνα
870 1037 929 1124 μὲν
952 1041 1142 1126 ὑφεστώσης

125 1148 161 1213 έν
190 1160 260 1224 τοῖς
292 1149 425 1230 κώνοις,
457 1152 611 1231 ποικίλην
641 1145 677 1213 δὲ
704 1147 759 1212 καὶ
787 1151 963 1235 γλαφυρὰν
990 1156 1141 1235 θεωρίαν

89 1269 105 1316 5
125 1255 263 1338 ἐχούσης
285 1254 340 1319 καὶ
353 1253 480 1339 ’μηθενὶ
503 1267 570 1320 τῶν
590 1257 654 1342 πρὸ
674 1256 776 1340 ἡμῶν,
796 1256 856 1320 ὅσα
875 1280 912 1338 νε
931 1252 985 1340 ἐμὲ
1004 1256 1142 1340 είθέναι,

124 1365 433 1445 πραγματευθείσης
459 1360 552 1438 ε”ὃοξέ
577 1385 633 1445 μοι
660 1364 704 1446 μη
728 1368 835 1438 καλῶς
858 1366 944 1447 ἔχειν
967 1361 1141 1448 ἀνεξέργα-

125 1485 206 1532 στον
229 1467 363 1550 ἀφεῖναι
386 1469 445 1532 τὸν
468 1470 571 1533 τόπον
593 1477 723 1552 τοῦτον,
747 1471 851 1532 εἰπεῖν
870 1465 906 1532 δέ
924 1467 998 1555 περὶ
1018 1469 1142 1553 αὐτῶν,

126 1575 187 1640 ὅσοι
214 1598 250 1656 γε
279 1576 325 1650 είς
349 1573 430 1658 ε’μην
454 1573 590 1657 ἀφῖκται
612 1574 806 1656 κατάληψιν.
852 1576 971 1658 σχεδὸν
993 1572 1055 1659 μέν
1079 1574 1142 1642 οίν

124 1679 165 1745 τοί
196 1705 233 1763 με
264 1684 365 1745 πλείω
398 1678 453 1744 καὶ
485 1680 674 1765 βαθυτέρας
707 1681 870 1745 δοκοῦντα
899 1682 1032 1746 δεῖσθαι
1060 1707 1141 1764 νεω-

73 1801 106 1848 10
124 1791 258 1872 μετρίας
288 1787 432 1871 ἡγοῦμαι
460 1790 561 1869 λόγου
592 1786 802 1870 τετυχηκέναι
830 1786 909 1873 παρ’
938 1786 1046 1872 ἡμῶν,
1081 1791 1141 1854 οὐκ

125 1893 167 1958 ἂν
190 1890 227 1957 δέ
249 1894 468 1978 θαυμάσαιμι,
493 1896 523 1957 εί
544 1898 602 1958 καί
617 1916 649 1957 τι
672 1904 738 1958 τῶν
757 1893 961 1977 ὀφειλόντων
980 1900 1141 1979 λεχθῆναι

124 2004 290 2084 παρείκων
318 1999 462 2085 ὀφθείην
490 2001 545 2064 ἅτε
572 2011 701 2084 πρῶτος
729 1999 919 2082 ἐγχειρησας
946 2011 985 2086 τῇ
1012 2004 1143 2068 τούτων

125 2111 264 2193 θεωρία·
289 2107 372 2171 ὥστε
391 2107 477 2182 εἰκὸς
495 2104 515 2188 ἢ
534 2101 571 2171 σέ
590 2104 735 2170 καθέντα
754 2109 800 2182 είς
820 2107 880 2189 τὴν
898 2106 1003 2191 αὐτὴν
1022 2108 1143 2187 σκέψιν

125 2212 145 2295 ἢ
169 2224 237 2277 τῶν
259 2213 399 2300 ὕστερον
423 2209 665 2296 ἐντευξομένων
688 2213 762 2276 τινὰ
786 2213 979 2299 ὁρμώμενον
1002 2213 1142 2281 ἐνθένθε

73 2332 106 2380 15
126 2321 163 2385 τὸ
185 2316 364 2406 παροφθὲν
387 2319 467 2404 ἡμῖν
489 2325 697 2406 προσθεῖναι.
743 2322 811 2384 ἔστι
836 2316 872 2383 δέ
895 2319 916 2383 ἃ
940 2317 994 2384 καὶ
1013 2318 1143 2399 ἑκόντες

125 2430 414 2511 παραλελοίπαμεν
441 2425 461 2508 ἢ
489 2427 545 2489 διὰ
573 2427 610 2490 τὸ
638 2422 741 2509 σαφές
768 2424 789 2508 ἢ
813 2426 928 2490 διὰτὸ
952 2428 1066 2503 ἄλλοις
1091 2431 1142 2493 θε-

127 2533 272 2616 ὃεῖχθαι·
297 2532 414 2596 αὐτίκα
437 2532 474 2595 τὸ
498 2528 557 2615 μέν
582 2531 618 2596 ἐν
640 2530 739 2596 παντὶ
757 2533 853 2619 κώνφ
872 2535 1037 2618 τρίγωνον
1056 2530 1143 2599 εἶναι

126 2639 241 2721 τομήν,
265 2640 296 2701 εί
318 2638 374 2701 διὰ
396 2646 454 2720 τῆς
476 2647 626 2723 κορυφῆς
648 2641 804 2722 τμηθείη,
831 2639 946 2703 διὰτὸ
971 2640 1142 2724 δεδεῖχθαι

127 2745 240 2819 ἄλλοις
259 2743 303 2819 ὡς
322 2743 427 2820 οὕτως
446 2746 522 2827 έχον
540 2741 633 2828 ἡμεῖς
650 2745 954 2829 παραλιμποίνομεν,
968 2746 1024 2810 ἵνα
1038 2746 1144 2831 μηθέν

72 2849 303 2934 νοώλλότριον
329 2861 399 2925 τοῖς
425 2848 486 2935 ὑφ’
511 2850 604 2934 ἡμῶν
632 2850 797 2937 εὑρεθεῖσι
826 2851 1089 2936 συντεταγμένον
1113 2850 1143 2941 η.

127 2958 167 3021 τὰ
191 2955 225 3021 θ’
251 2956 501 3043 ε’πιπολαιότερα
524 2955 578 3021 καὶ
601 2969 671 3033 τοῖς
693 2962 828 3033 πολλοῖς
849 2958 993 3040 εὔληπτα
1012 2971 1144 3045 γραφῆς

128 3064 190 3128 οὐκ
213 3063 406 3148 ἠξιώσαμεν,
430 3063 486 3128 ἵνα
509 3065 552 3148 μὴ
577 3075 643 3128 τῶν
667 3063 937 3147 ἐντυγχανόντων
960 3067 1022 3149 τὴν
1040 3086 1143 3152 προσ-

200 3309 326 3363 Titulum
346 3327 398 3364 om.
418 3310 476 3378 Vc,
501 3309 619 3378 οερήνον
639 3306 772 3372 ἀντινέως
791 3311 948 3381 φιλοσόφον
967 3311 1031 3378 περὶ
1050 3312 1145 3366 κώνου

123 3388 213 3447 τομῆς
224 3399 255 3447 p.
336 3387 378 3435 11.
404 3378 595 3453 θαυμάσαιμι]
615 3379 793 3450 θανμώσαιτό
812 3401 854 3444 τις
871 3401 897 3452 p.
981 3388 1023 3437 12.
1046 3381 1144 3450 παρεί-

100 3504 136 3519 h...
