2430 3854
419 183 469 234 na
488 183 664 234 sacrroua
685 184 778 235 cour.
1037 181 1102 245 239

92 325 181 390 basis
215 329 324 389 autem
356 323 495 390 circulus
529 325 649 391 circum
679 331 708 390 B
739 330 885 390 centrum
915 328 1104 411 descriptus

93 432 162 496 axis
192 436 301 496 autem
323 436 403 517 AB,
431 436 464 496 et
491 434 532 497 ad
557 433 691 517 planum
718 432 807 496 basis
830 433 1103 517 perpendicularis

91 544 125 602 A
132 541 171 622 Γ,
195 542 228 601 et
249 560 307 622 per
327 541 364 603 ΓΙ
375 544 585 624 centrumque
604 545 633 604 B
651 541 848 624 producatur
866 544 955 604 recta
974 544 1104 625 ΓΔΒΕ,

91 646 133 708 ad
157 667 253 729 quam
276 645 549 730 perpendicularis
573 646 616 711 sit
641 651 756 725 ZBH3
783 645 1022 732 triangulorum
1044 646 1104 732 igi-

863 757 918 817 tur
933 775 991 838 per
1010 775 1102 817 axem

899 860 1070 924 ductorum

862 965 1021 1030 maximus
1032 965 1104 1050 erit,

861 1075 898 1135 ut
927 1093 1021 1156 saepe
1052 1073 1103 1136 de

874 1181 1093 1242 monstratum

861 1286 910 1347 ast
966 1283 1100 1368 [propp.

860 1388 1103 1476 xmxxm,

857 1493 1102 1583 cuiusbasissest

859 1607 935 1687 ZH,
959 1603 1098 1668 altitudo

861 1713 970 1774 autem
1017 1714 1103 1795 AB,

902 1815 1054 1879 minimus

859 1942 957 2006 uer0,
1009 1921 1100 1986 cuius

861 2027 949 2092 basis
964 2031 1102 2113 estEA‚

862 2133 999 2198 altitudo
1045 2156 1100 2197 au-

901 2243 969 2304 tem
991 2246 1024 2304 A
1030 2244 1062 2305 Γ

862 2344 1100 2431 [prop.XXIV].

88 2455 156 2519 iam
175 2476 253 2518 uero
273 2455 367 2519 datus
381 2453 565 2540 triangulus
582 2475 639 2539 per
653 2476 747 2519 axam
762 2455 877 2519 ductus
892 2452 936 2517 sit
952 2452 991 2535 is,
1010 2452 1101 2516 cuius

89 2560 178 2625 basis
194 2561 237 2625 sit
254 2563 326 2645 ΘΚ,
346 2559 485 2625 altitudo
499 2564 609 2624 autem
622 2564 655 2624 A
660 2564 700 2646 A,
720 2565 753 2625 et
768 2564 917 2645 oporteat
932 2558 1031 2624 alium
1046 2558 1103 2623 tri·

90 2667 248 2753 angulum
262 2689 320 2752 per
335 2689 428 2731 axem
442 2669 575 2732 ductum
588 2666 745 2752 inuenire,
763 2666 819 2751 qui
833 2688 898 2730 una
912 2687 984 2731 oum
1002 2664 1101 2729 trian-

90 2775 180 2858 gulo,
198 2773 289 2838 cuius
308 2773 395 2837 basis
415 2777 465 2838 est
486 2776 559 2857 ΘΚ,
579 2773 717 2838 altitudo
736 2777 843 2838 autem
861 2779 894 2838 A
899 2777 939 2857 A,
957 2771 1101 2855 aequalis

91 2880 134 2943 sit
159 2879 256 2944 simul
278 2879 419 2944 maximo
443 2879 651 2962 minimoque.

157 2985 310 3069 quoniam
340 2992 372 3051 A
379 2989 410 3050 A
439 2987 480 3050 ad
511 2987 580 3050 ΘΚ
605 2985 711 3050 basim
740 2985 1013 3069 perpendicularis
1042 2988 1101 3067 est,

88 3096 247 3178 punctum
266 3096 298 3156 A
319 3091 354 3155 in
378 3091 504 3158 ambitu
528 3089 640 3157 circuli
663 3095 722 3175 est,
745 3091 836 3156 cuius
856 3091 1032 3155 diametrus
1052 3093 1103 3154 est

89 3203 163 3285 ΒΓ,
185 3203 318 3283 propter
340 3198 387 3282 id,
413 3199 500 3283 quod
523 3202 619 3263 antea
642 3199 899 3270 demonstratum
922 3199 972 3260 est
997 3195 1100 3280 [prop.

88 3305 201 3390 XLV]
265 3305 467 3370 describatur
505 3303 610 3390 igitur
651 3303 790 3370 circulus
831 3305 942 3386 BAF,
984 3305 1016 3366 et
1058 3301 1101 3366 sit

88 3417 132 3477 M
142 3443 185 3466 =
200 3417 267 3477 BA
282 3415 320 3492 -l-
338 3417 370 3476 A
376 3415 409 3475 Γ
418 3433 458 3470 ÷
472 3417 504 3476 A
510 3414 549 3474 A.
587 3410 740 3494 quoniam
757 3409 861 3495 igitur
878 3411 1040 3472 rectarum
1059 3408 1100 3472 ab

87 3525 121 3583 A
158 3520 198 3584 ad
234 3516 391 3584 ambitum
429 3521 496 3585 BA
503 3521 534 3586 Γ
562 3518 739 3591 ductarum
771 3515 924 3582 mamma
951 3519 1010 3576 cst
1043 3516 1130 3586 Au,
