2430 3854
120 153 185 217 184
428 154 515 206 ΠΕΡΙ
532 153 661 205 mor
679 155 816 208 ΤοιιΗΣ.

120 299 215 382 βάσις
239 295 276 363 δέ
301 298 318 364 ὁ
338 295 413 384 περὶ
431 299 468 363 τὸ
487 302 516 361 Β
535 297 674 382 κέντρον
696 298 827 381 κύκλος,
849 298 886 363 τὸ
906 294 944 362 δὲ
963 296 1134 382 ἐλάχιστον

121 417 188 470 τῶν
222 406 278 470 διά
312 413 372 469 τοῦ
402 403 519 482 ἄξονος
548 405 721 490 τριγώνων
751 405 788 469 τὸ
819 408 938 488 ΑΓΔ,
971 402 1029 469 καὶ
1058 404 1135 469 δέον

121 514 203 577 ἔστω
239 513 295 577 θιά
324 520 384 576 τοῦ
414 514 481 576 ΑΒ
511 509 628 588 ἄξονος
658 510 795 594 ἀγαγεῖν
827 511 984 576 ἐπίπεδον
1016 521 1135 576 ποιοῦν

121 623 300 704 τρίγωνον,
328 618 345 683 ὃ
374 620 475 700 λόγον
502 616 565 695 ἕξει
591 618 674 704 πρὸς
702 619 739 682 τὸ
763 624 795 683 Α
802 620 866 682 ΓΛ
887 621 1069 703 τρίγωνον,
1098 618 1135 684 ὃν

87 739 103 786 5
122 728 187 809 έχει
210 724 230 808 ἡ
253 730 285 789 E
306 724 422 790 εὐθεῖα
445 727 563 809 μείζων
586 720 670 790 οὖσα
693 725 777 810 πρὸς
799 726 860 809 τὴν
880 729 917 807 Ζ,
941 726 986 809 μη
1004 729 1135 809 μείζονα

123 834 223 913 λόγον
246 833 327 918 ἥπερ
350 832 387 896 τὸ
410 830 566 915 μέγιστον
588 840 656 895 τών
675 831 731 896 διὰ
748 839 809 896 τοῦ
828 829 945 908 ἄξονος
962 833 1136 917 τριγώνων

123 939 206 1023 πρὸς
227 939 264 1002 τὸ
288 936 461 1023 έλάχιστον
484 938 521 1003 τὸ
546 940 658 1001 ΑΓΛ.

191 1046 222 1108 εί
251 1041 312 1128 μὲν
339 1038 402 1110 οὖν
428 1042 448 1127 η
471 1048 504 1108 Ε
523 1045 607 1130 πρὸς
630 1048 658 1107 Ζ
681 1046 783 1126 λόγον
806 1047 885 1128 ἔχει,
913 1043 953 1108 ὃν
980 1045 1018 1109 τὸ
1047 1043 1135 1127 μέγι-

125 1167 205 1215 στον
227 1161 294 1216 τῶν
313 1151 369 1215 διά
387 1158 447 1214 τοῦ
466 1147 583 1228 ἄξονος
601 1152 775 1236 τριγώνων
791 1152 875 1236 πρὸς
897 1151 933 1216 τὸ
954 1150 1137 1235 έλάχιστον,

72 1258 181 1323 1οθιά
208 1266 268 1322 τοῦ
295 1260 324 1321 Β
352 1258 434 1342 πρὸς
457 1256 563 1343 ὀρθὰς
585 1267 624 1342 τῇ
649 1260 681 1320 Γ
681 1261 715 1320 Δ
738 1256 917 1340 ἀγαγόντες
940 1257 1080 1322 εὐθεῖαν
1103 1257 1137 1322 ἐν

124 1373 169 1452 τῷ
197 1365 307 1451 κύκλῳ
335 1361 390 1428 καὶ
419 1364 475 1428 διὰ
502 1373 560 1446 τῆς
588 1362 745 1447 ἀχθείσης
771 1362 827 1428 καλ
853 1372 913 1428 τοῦ
941 1362 1060 1441 ἄξονος
1089 1363 1137 1427 έκ-

124 1471 282 1553 βαλόντες
304 1468 459 1534 έκίκεὸον
483 1467 597 1553 ἕξομεν
619 1474 784 1555 τρίγωνον
808 1469 980 1552 ἰσοσκελές,
1006 1469 1024 1534 ὃ
1048 1468 1137 1554 μέγι-

125 1579 205 1640 στόν
233 1575 302 1641 έστι
330 1587 398 1640 τῶν
425 1577 482 1640 διὰ
509 1584 569 1640 τοῦ
597 1574 728 1653 ἄξονος·
759 1584 862 1640 ταῦτα
894 1577 957 1662 γάρ
988 1574 1136 1659 ἐδείχθη·

125 1680 181 1747 καὶ
214 1680 277 1760 ἕξει
309 1684 392 1769 πρὸς
423 1683 460 1748 τὸ
488 1685 592 1747 ΑΓΛ
623 1685 724 1765 λόγον
756 1684 815 1748 τὸν
842 1691 900 1765 τῆς
929 1687 960 1746 Ε
984 1683 1070 1767 πρὸς
1101 1687 1137 1764 Ζ,

73 1801 107 1850 15
125 1787 274 1854 τουτέστι
296 1791 355 1855 τὸν
379 1787 605 1872 ἀντιταχθέντα.

192 1895 288 1980 ἐχέτω
317 1893 354 1960 δὲ
381 1904 446 1960 νῦν
472 1894 493 1978 ἡ
521 1900 553 1960 E
580 1896 663 1981 πρὸς
691 1900 719 1959 Ζ
747 1895 904 1977 έλάττονα
930 1897 1032 1978 λόγον
1056 1896 1137 1980 ἥπερ

125 2005 163 2069 τὸ
198 2002 353 2087 μέγιστον
380 2012 448 2066 τῶν
476 2001 532 2066 διὰ
559 2009 619 2065 τοῦ
647 1999 764 2078 ἄξονος
790 2001 963 2087 τριγώνων
989 2001 1074 2086 πρὸς
1102 2002 1137 2065 τὸ

126 2110 312 2194 ε’λάχιστον,
339 2107 394 2173 καλ
422 2111 546 2172 κείσθω
575 2107 667 2185 ἐκτὸς
694 2107 809 2172 εὐθεῖα
835 2105 855 2190 η
879 2111 953 2171 ΗΘ
976 2113 1030 2191 ίση
1054 2104 1138 2173 οὖσα

126 2227 166 2303 τῇ
190 2219 270 2299 ΓΔ,
297 2213 352 2281 καὶ
381 2212 431 2280 ἐπ’
457 2215 558 2297 αὐτῆς
580 2214 617 2279 τὸ
640 2216 751 2278 ΚΗΘ
773 2217 937 2298 τρίγωνον
960 2213 1078 2298 ὅμοιον
1100 2213 1139 2277 ὂν

74 2336 109 2384 20
126 2332 172 2411 τῷ
195 2326 313 2406 ΑΓΔ,
343 2323 425 2387 ὥστε
455 2319 510 2386 καὶ
537 2322 599 2405 τὴν
625 2322 702 2384 ΚΗ
724 2331 764 2405 τῇ
787 2323 859 2384 ΑΓ
876 2325 952 2402 ίσην
975 2315 1061 2384 εἶναι
1084 2318 1139 2384 καὶ

126 2431 233 2495 πάντα
262 2438 378 2513 πᾶσιν,
407 2426 462 2492 καὶ
493 2426 545 2492 ἐπὶ
572 2435 630 2511 της
652 2430 724 2491 ΗΘ
755 2426 941 2491 συνεστάτω
974 2431 1138 2511 τρίγωνον

129 2543 204 2620 ίσην
232 2539 308 2619 ἔχον
335 2537 397 2620 την
424 2533 487 2599 ἀπὸ
515 2542 573 2617 τῆς
599 2542 750 2618 κορυφῆς
777 2530 830 2598 έκλ
857 2534 918 2617 τὴν
946 2533 1139 2617 ὃιχοτομίαν

128 2652 185 2726 τῆς
207 2642 334 2726 βάσεως
356 2651 395 2727 τῇ
414 2643 483 2705 ΚΛ
505 2638 560 2705 καὶ
583 2642 684 2722 λόγον
707 2642 783 2722 έχον
803 2640 885 2725 πρὸς
903 2640 940 2703 τὸ
959 2643 1036 2703 ΚΗ
1039 2643 1077 2722 Θ,
1101 2639 1139 2704 ὃν

200 2858 224 2907 2.
249 2857 272 2906 A
279 2852 340 2923 ΓΔ]
360 2856 382 2904 A
401 2867 481 2905 euan.
501 2867 524 2905 ο.
615 2856 639 2904 6.
663 2849 758 2921 λόγον]
782 2846 814 2904 δέ
832 2848 934 2918 Halley
953 2865 1017 2902 cum
1036 2848 1138 2903 Comm.

166 2941 254 3013 ἥπερ]
278 2949 327 2994 τοῦ
347 2936 381 2994 ὃν
399 2919 448 2978 ἔχί
469 2956 497 3008 p.
589 2943 613 2994 ⁷.
637 2938 705 2992 Post
728 2936 871 3009 έλάχιοτον
895 2936 949 2990 del.
973 2935 1022 2990 διὰ
1045 2945 1095 2990 τοῦ
1120 2941 1139 2990 Β

132 3014 203 3083 πρὸς
222 3010 313 3082 ὀρθάς
330 3029 367 3065 m.
387 3015 402 3064 1
422 3027 444 3065 ο,
499 3009 530 3064 τὸ
549 3010 639 3081 ΑΓΔ]
659 3026 711 3064 om.
731 3027 758 3078 p.
823 3014 846 3063 8.
868 3008 907 3079 εἰ]
926 3008 944 3076 ἡ
964 3024 986 3061 c.
1047 3008 1072 3062 εἰ
1091 3005 1139 3076 μέν

130 3117 163 3126 -
181 3092 204 3140 9,
221 3081 377 3155 ἐλάχιστον]
396 3080 441 3135 bis
459 3099 487 3151 p,
507 3080 557 3135 sed
576 3097 644 3135 corr.
716 3086 740 3135 8.
761 3078 806 3152 ἄν]
824 3099 851 3149 p,
871 3075 910 3133 ὧν
924 3079 977 3132 Vc.
1041 3085 1064 3133 9.
1085 3099 1140 3147 τρι-

130 3157 239 3228 γώνων]
259 3172 312 3210 om.
332 3171 355 3208 ο.
443 3157 483 3207 13.
508 3151 576 3223 ἐστι]
596 3151 672 3206 ἔσται
689 3169 715 3221 p.
803 3157 844 3206 14.
870 3151 909 3221 Ε]
931 3153 985 3204 ΕΖ
1003 3167 1030 3218 p.
1108 3151 1138 3221 Z]

129 3229 181 3299 τὴν
202 3231 268 3296 Zp.
342 3231 383 3280 16.
403 3220 434 3278 δὲ
453 3223 517 3294 νῦν]
537 3239 590 3277 om.
606 3241 635 3293 p,
653 3240 738 3293 supra
757 3220 871 3289 ποθή.
947 3221 979 3291 Ζ]
998 3220 1051 3290 την
1074 3225 1138 3290 Zp.

167 3306 208 3354 18.
227 3295 276 3352 καί
297 3329 328 3337 -
348 3295 437 3368 ἐκτός]
458 3291 593 3351 ἐκκείσθω
612 3312 639 3363 p.
699 3294 812 3365 εὐθεῖα]
832 3290 932 3347 εὐθεῑά
950 3311 992 3353 τις
1009 3309 1036 3360 p.
1099 3298 1139 3346 20.

130 3370 193 3442 τήν]
212 3386 227 3424 e
246 3386 315 3423 corr.
333 3386 360 3438 p.
421 3367 495 3437 KH]
515 3382 589 3434 vop,
609 3368 640 3418 Η
656 3364 745 3434 suppl.
760 3383 796 3419 m.
811 3380 865 3419 ree.
880 3364 913 3418 V.
978 3369 1021 3418 21.
1041 3363 1139 3433 πᾶσιν]

130 3449 199 3565 ιτόχσθι
216 3458 268 3584 χιχ]
299 3442 331 3581 {fi
333 3438 369 3510 Θ]
390 3442 420 3493 Η
424 3441 449 3494 Θ
467 3436 533 3492 ἄλλο
551 3433 687 3506 τρίγωνον
704 3454 731 3505 p.
787 3433 934 3505 τρίγωνον]
952 3433 983 3487 τὸ
1000 3437 1096 3489 ΜΗΘ
1113 3451 1140 3503 p.

192 3531 238 3567 ,τ
284 3530 337 3568 τν
352 3529 382 3584 p.
