2430 3854
130 179 196 242 286
441 182 529 232 ΠΕΡΙ
546 180 675 232 ΚΩΝΟΤ
692 180 828 232 ΤΟΜΗΣ.

130 326 285 407 ΚΗΓΔ,
314 328 448 388 ΒΘΕΖ
470 324 588 388 κώνων
612 323 652 388 τδι
675 324 732 387 διδι
753 333 821 388 τῶν
844 321 976 400 ἀξόνων
997 326 1139 408 τρίγωνα

130 431 170 495 τὰ
192 434 310 514 KI'A,
337 434 435 494 ΒΕΖ
464 435 519 494 ίσα
547 428 703 513 ἀλλήλοις
724 428 828 513 ἐστίν,
856 428 876 511 ἡ
900 431 965 515 ἀρα
988 432 1028 493 Η
1047 430 1139 513 ῥύσις

129 546 190 602 τοῦ
216 537 327 602 κώνου
354 537 438 622 πρὸς
464 537 525 620 τὴν
550 540 579 600 Θ
607 536 706 619 βάσιν
729 536 928 600 διπλασίονα
950 539 1055 619 λόγον
1078 540 1139 622 ἔχει

129 645 211 729 ἥπερ
240 643 257 709 6
280 646 419 708 KHFA
446 652 553 718 κῶνος
574 643 658 728 πρὸς
679 642 739 707 τὸν
761 646 909 726 ΒΘΕΖ,
937 642 983 718 ὡς
1007 642 1137 727 ἐδείχθη

46 759 50 765 ’
95 749 167 814 ὀέν
192 758 238 838 τῷ
266 752 329 836 πρὸ
358 747 432 826 ἑνὸς
458 750 657 834 θεωρήματι.
703 749 748 825 ώς
770 745 807 813 δὲ
830 748 850 814 6
870 752 947 813 ΚΗ
950 753 1012 815 ΓΔ
1036 761 1138 826 κῶνος

129 857 212 942 πρὸς
234 857 293 921 τὸν
316 860 465 939 ΒΘΕΖ,
488 855 594 932 οὕτως
616 855 633 921 6
656 858 796 920 ΑΗΓΔ
818 856 902 942 πρὸς
923 856 984 920 τὸν
1002 860 1137 922 ΚΗΓΔ

128 959 184 1026 καὶ
215 961 235 1045 ἡ
264 966 341 1027 AH
363 962 479 1036 εὐθεῖα
505 962 589 1048 πρὸς
615 962 676 1045 τὴν
703 965 788 1026 ΗΚ·
820 961 838 1027 6
866 963 931 1048 ἀρα
958 966 999 1026 Η
1021 964 1138 1039 κύκλος

128 1069 211 1153 πρὸς
233 1069 292 1133 τὸν
313 1073 342 1133 Θ
363 1069 488 1133 κύκλον
506 1069 704 1132 διπλασίονα
723 1070 824 1150 λόγον
843 1070 908 1151 ἔχει
926 1069 1009 1154 ἥπερ
1029 1067 1050 1151 ἡ
1071 1073 1140 1132 ΑΗ

128 1176 213 1260 πρὸς
241 1176 303 1259 τὴν
334 1178 415 1239 HK.
469 1177 535 1259 ἔχει
566 1170 604 1238 δὲ
635 1173 653 1239 6
685 1177 725 1238 Η
751 1175 872 1250 κύκλος
902 1175 987 1258 πρὸς
1018 1176 1080 1240 τὸν
1112 1179 1136 1239 Θ

77 1293 111 1341 10
129 1282 253 1346 κύκλον
275 1281 472 1346 διπλασίονα
495 1282 597 1362 λόγον
618 1287 680 1344 τού
702 1277 742 1344 ὃν
760 1282 825 1363 ἔχει
843 1278 864 1362 ἡ
884 1282 945 1345 ΓΔ
965 1280 1136 1366 διάμετρος

128 1390 211 1473 πρὸς
233 1389 295 1470 τὴν
316 1392 392 1451 ΕΖ·
417 1386 462 1462 ὡς
484 1387 549 1471 ἀρα
571 1386 591 1470 ἡ
615 1389 677 1450 ΓΔ
698 1386 781 1471 πρὸς
798 1391 876 1470 ΕΖ,
900 1386 1007 1462 οὕτως
1029 1388 1052 1471 ἡ
1071 1391 1139 1451 ΑΗ

129 1495 211 1578 πρὸς
238 1496 319 1558 HK.
365 1491 475 1576 ἐπειδὴ
509 1489 546 1557 δὲ
576 1492 614 1557 τὸ
642 1495 740 1557 ΚΓΔ
772 1495 937 1578 τρίγωνον
967 1503 1014 1581 τῷ
1044 1498 1136 1558 ΒΕΖ

129 1600 279 1686 τριγώνῳ
312 1604 385 1663 ίσον
413 1597 497 1681 ἐστί,
528 1596 600 1663 κατ’
625 1597 909 1682 ἀντιπεπόνθασιν
935 1600 1013 1683 ἀρα,
1048 1600 1093 1676 ῶς
1118 1600 1136 1682 ἡ

130 1708 191 1770 ΓΛ
218 1705 301 1791 πρὸς
322 1709 403 1789 ΕΖ,
431 1704 536 1782 ούτως
563 1705 584 1789 ἡ
607 1709 675 1769 ΒΘ
702 1706 785 1791 πρὸς
807 1708 888 1770 ΚΗ.
933 1705 1071 1790 ἐδείχθη
1094 1704 1137 1789 δι’,

77 1823 110 1871 15
130 1812 174 1888 ώς
196 1810 216 1894 ἡ
241 1814 302 1876 ΓΔ
324 1812 407 1897 πρὸς
429 1816 507 1895 ΕΖ,
531 1811 636 1888 οὕτως
657 1808 713 1876 καὶ
735 1810 755 1893 ἡ
779 1815 856 1876 AH
873 1812 956 1896 πρὸς
974 1816 1060 1877 ΚΗ·
1086 1811 1137 1877 καὶ

129 1919 174 1993 ώς
196 1919 260 2002 ἀρα
283 1916 303 1999 ἡ
322 1922 388 1982 ΒΘ
404 1919 487 2000 πρὸς
505 1921 586 2000 KH,
610 1917 716 1994 οὕτως
733 1916 754 2000 ἡ
773 1921 849 1982 ΑΗ
863 1918 945 2002 πρὸς
963 1922 1046 1984 KH.
1087 1927 1136 2002 ίση

132 2025 196 2108 ἀρα
219 2021 310 2088 ἐστὶν
331 2022 351 2105 ἡ
375 2026 451 2087 ΑΗ
468 2027 610 2108 152ss&-
634 2024 713 2109 ὅπερ
736 2024 803 2088 ἔδει
827 2023 939 2102 δείξαι.

602 2213 663 2295 ξδ’.

201 2344 275 2406 Τῶν
298 2341 590 2407 ἀντιπεπονθότων
612 2342 731 2407 κώνων
752 2342 868 2427 ὀρθῶν
890 2355 959 2419 τοῖς
982 2342 1077 2421 ἄξοσι
1099 2346 1137 2408 τὰ

77 2460 110 2510 20
130 2448 185 2512 διὰ
208 2458 276 2512 τῶν
298 2447 427 2526 ἀξόνων
449 2450 595 2535 τρίγωνα
619 2454 674 2512 ίσα
697 2447 850 2532 ἀλλήλοις
873 2449 949 2514 ἐστί.

194 2554 523 2641 κατανενοάφθωσαν
540 2555 576 2618 οί
591 2565 702 2638 κῶνοι,
721 2553 777 2619 καὶ
793 2558 886 2639 ἔστω,
906 2557 950 2632 ὡς
964 2556 982 2622 6
996 2562 1030 2620 Α
1034 2562 1076 2621 Η
1078 2562 1137 2623 ΓΛ

128 2671 234 2736 κῶνος
255 2663 337 2747 πρὸς
359 2662 419 2726 τὸν
441 2665 470 2725 Β
478 2664 588 2746 ΘΕΖ,
611 2661 716 2738 οὕτως
738 2661 756 2727 6
775 2666 841 2726 ΒΘ
863 2660 951 2740 ἄξων
973 2665 1058 2745 πρὸς
1081 2666 1138 2728 τὸν

129 2771 161 2829 Α
167 2769 208 2829 Η.
254 2765 351 2851 λέγω,
379 2767 431 2832 ὅτι
456 2766 497 2830 τδι
519 2772 551 2831 Α
557 2770 632 2851 ΓΔ,
659 2771 757 2832 ΒΕΖ
785 2771 930 2854 τρίγωνα
958 2774 1014 2832 ίσα
1040 2769 1137 2853 ἀλλύ-

128 2877 200 2949 λοις
222 2871 320 2937 ἐστίν.

76 2992 110 3041 25
196 2982 278 3044 ἔστω
305 2987 351 3067 τῷ
374 2982 513 3045 ΑΗΓΔ
539 2980 635 3067 κώνῳ
661 2980 801 3063 ἰσοϋψὴς
824 2980 841 3046 6
865 2983 900 3044 Κ
905 2985 1001 3046 ΘΕΖ
1022 2995 1138 3060 κῶνος.

128 3084 197 3152 ἐπεὶ
235 3080 310 3167 οὖν,
348 3085 392 3162 ώς
428 3084 446 3150 6
478 3088 617 3150 ΑΗΓΔ
648 3096 754 3163 κῶνος
785 3087 868 3173 πρὸς
898 3088 957 3152 τὸν
987 3092 1138 3173 ΒΘΕΖ,

127 3194 340 3206 ι----

200 3250 224 3298 1.
247 3252 302 3299 τῶν
321 3240 444 3314 ἀξόνων]
464 3251 514 3297 τού
533 3241 635 3306 ἄξονος
651 3259 679 3312 p.
769 3249 795 3296 2.
817 3242 945 3311 ἀλλήλοις
963 3242 1049 3316 ἐστίν]
1070 3246 1139 3300 εἰσὶν

128 3313 255 3382 ἀλλήλοις
273 3333 300 3384 p.
391 3312 498 3438 λιτόν]
520 3313 581 3383 Vp,
608 3312 660 3381 τήν
682 3331 708 3367 v.
799 3319 823 3368 ό.
847 3313 902 3382 πρὸ
922 3313 1000 3388 ἑνός]
1025 3317 1138 3386 scripsi3

127 3382 227 3454 προενί
245 3403 271 3454 v,
289 3384 344 3454 πρὸ
358 3385 458 3440 τούτου
502 3401 529 3454 p.
586 3388 628 3440 10.
646 3382 742 3456 λόγον]
756 3385 813 3454 Vp,
832 3385 917 3455 λόγον
932 3385 987 3457 ἔχει
1005 3405 1031 3441 v.
1090 3393 1139 3442 ΓΔ

121 3455 286 3530 διιίμετοος]
305 3456 366 3553 Vp,
387 3456 541 3529 σύμμετρος
557 3473 586 3512 τ.
657 3461 703 3546 λλ.
722 3455 922 3577 *KZQKQVff
936 3457 989 3525 τὴν
1008 3461 1066 3512 ΕΖ.
1081 3459 1138 3528 Vp.

145 3533 190 3585 12.
212 3531 296 3606 HK]
312 3552 370 3606 την
389 3535 455 3589 ΗΚ
470 3549 500 3604 p.
587 3525 758 3598 ἐπειδηζω,
784 3523 847 3578 mk
889 3543 923 3591 ω.
1006 3530 1145 3579 καλτωα-
