2430 3854
125 206 190 269 214
439 208 527 258 nm
544 205 672 258 ιωωιον
690 207 826 258 'mmm

124 347 273 415 τουτέστι
295 358 354 432 τῆς
374 349 440 415 ὑπὸ
466 352 571 433 ΓΑΒ,
593 350 633 414 οὐ
651 353 770 433 μείζων
793 347 884 414 ἐστὶν
902 346 922 431 ἡ
942 348 1009 413 ὑπὸ
1028 351 1137 431 ΑΓΒ,

124 458 162 522 αι’
186 458 250 541 ἀρα
276 455 342 521 ὑπὸ
370 459 487 540 ΑΓΛ,
512 458 627 539 ΓΒΔ,
658 455 829 521 τουτέστιν
860 457 898 520 αί
926 455 992 520 ὑπὸ
1020 459 1136 537 ΑΒΗ,

126 565 240 645 ΓΒΔ,
273 563 313 626 οὐ
347 561 491 647 μείζονές
523 564 586 628 είσι
618 563 712 627 ἀνεῖν
741 562 869 648 ὀρθῶν·
904 563 942 626 αί
973 558 1044 648 ἄρα’
1073 561 1135 626 ὑπὸ

124 673 244 752 ΑΒΔ,
267 673 379 733 ΑΒΗ
402 669 443 734 οὐ
470 667 615 753 μείζονές
642 671 705 733 είσι
733 681 835 756 τριῶν
857 669 983 754 ὀρθῶν.
1029 665 1049 750 ἡ
1075 669 1137 753 ἀρα

39 793 42 799 ’
89 792 105 840 5
124 775 189 840 ὑπὸ
207 780 320 840 ΔΒΗ
334 775 395 841 οὐκ
414 775 558 842 έλάττων
577 776 683 862 ὀρθῆς
701 775 783 841 έστι·
805 779 923 860 μείζων
940 773 1044 861 ἀραὴ
1066 779 1137 839 ΗΔ

115 890 181 964 ,τῆς
203 887 279 946 ΔΒ.
329 879 349 964 ἡ
374 888 445 946 ΑΔ
472 879 537 969 ἀρα
564 884 647 967 πρὸς
670 887 748 947 ΔΗ
765 882 923 948 έλάττονα
947 884 1050 965 λόγον
1074 884 1136 965 ἔχει

123 988 205 1073 ἤπερ
228 985 248 1070 ἡ
273 994 343 1052 ΑΔ
365 989 448 1075 πρὸς
470 993 549 1053 ΛΒ·
574 989 653 1073 ὅπερ
677 990 744 1053 έόει
767 986 880 1066 δεῖξαι.

596 1182 665 1249 λῖθ’.

195 1311 268 1372 Τῶν
299 1307 409 1372 αὐτῶν
441 1309 549 1373 ὀντων
575 1317 643 1373 τῶν
670 1306 782 1373 ἀλλων
810 1307 867 1373 ε’ἀν
895 1315 955 1372 τοῦ
985 1307 1136 1392 ὀρθογω-

71 1429 105 1479 10
122 1417 199 1478 νίου
226 1411 246 1496 ἡ
276 1416 337 1498 τὴν
365 1415 473 1499 ὀρθὴν
495 1414 716 1480 ὑποτείνουσα
739 1416 822 1502 πρὸς
843 1414 902 1497 τὴν
924 1415 1008 1500 πρὸς
1030 1414 1137 1500 ὀρθὰς

123 1529 163 1605 τῇ
186 1519 280 1603 βάσει
302 1524 434 1605 μείζονα
462 1523 564 1603 λόγον
588 1524 644 1608 ἔχγ
667 1523 749 1607 ἥπερ
773 1530 833 1587 τοῦ
856 1518 1135 1605 ἀμβλυγωνίουὴ

123 1627 185 1709 τὴν
207 1625 367 1710 ἀμβλεῖαν
388 1627 610 1693 ὑποτείνουσα
632 1630 715 1715 πρὸς
737 1630 799 1712 τὴν
817 1628 899 1714 πρὸς
918 1626 1080 1711 ἀμβλεῖαν
1097 1637 1136 1712 τῇ

122 1732 231 1816 βάσει,
254 1730 274 1816 ἡ
297 1734 381 1818 πρὸς
403 1743 442 1820 τῇ
464 1745 597 1820 κορυφῇ
622 1744 683 1799 τοῦ
705 1734 917 1821 ὀρθογωνίου
940 1737 1047 1816 γωνία
1069 1737 1136 1818 μεί-

123 1841 188 1918 ζων
220 1837 289 1904 ἐστὶ
320 1849 379 1924 τῆς
408 1839 640 1927 περιεχομένης
672 1843 794 1923 γωνίας
825 1839 891 1905 ὑπό
922 1863 957 1904 τε
989 1850 1047 1923 τῆς
1080 1842 1137 1916 τάς

72 1960 105 2010 15
123 1946 274 2031 κορυφὰς
299 1958 367 2012 τῶν
394 1947 568 2032 τριγώνων
591 1946 864 2030 έπιζευγνυούσης
891 1943 946 2010 καὶ
972 1955 1031 2029 τῆς
1054 1949 1136 2030 πρὸς

124 2052 284 2136 ἀμβλεῖαν
306 2061 346 2139 τῇ
368 2053 472 2137 βάσει.

189 2162 313 2224 κείσθω
337 2156 357 2242 ἡ
382 2160 465 2244 αὐτὴ
488 2160 683 2245 καταγραφὴ
706 2169 774 2223 τῶν
792 2159 903 2223 αὐτῶν
921 2174 1136 2224 κατεσκευασ-

123 2263 242 2350 μένων.
288 2263 358 2330 έπεὶ
385 2262 447 2332 οὖν
469 2263 490 2349 ἡ
514 2269 585 2331 ΑΓ
601 2266 685 2352 πρὸς
708 2268 768 2330 ΓΒ
792 2268 923 2348 μείζονα
946 2267 1047 2347 λόγον
1071 2268 1136 2349 ἔχει

124 2373 206 2459 ἤπερ
228 2370 249 2455 ἡ
274 2378 344 2437 ΑΔ
365 2373 450 2460 πρὸς
466 2378 548 2468 ΑΒ,
570 2372 615 2448 ὡς
637 2368 675 2436 δὲ
697 2369 717 2454 ἡ
740 2375 812 2437 ΛΓ
828 2371 912 2457 πρὸς
935 2373 1009 2455 ΓΒ,
1032 2372 1139 2448 οὕτως

71 2475 144 2561 2οἡ
168 2484 238 2543 ΑΛ
265 2480 349 2566 πρὸς
371 2484 459 2563 ΛΗ,
485 2477 541 2544 καὶ
568 2477 588 2562 ἡ
617 2476 681 2565 ἀρα
704 2483 774 2543 ΑΛ
800 2479 883 2564 πρὸς
905 2482 982 2542 ΛΗ
1004 2482 1138 2561 μείζονα

124 2587 225 2667 λόγον
247 2587 312 2669 ἔχει
336 2587 419 2674 ἥπερ
437 2583 457 2669 ἡ
477 2591 547 2650 ΑΔ
564 2587 648 2673 πρὸς
664 2589 745 2650 ΛΒ·
774 2584 918 2649 έλάττων
940 2583 1005 2669 ἀρα
1025 2581 1042 2667 ἡ
1065 2589 1136 2649 ΗΛ

123 2699 181 2774 τῆς
212 2695 291 2756 ΑΒ.
344 2689 365 2774 ἡ
397 2689 462 2778 ἀρα
492 2691 557 2757 ὑπὸ
587 2695 701 2757 ΔΒΗ
727 2695 831 2774 γωνία
864 2690 1009 2756 έλάττων
1046 2689 1136 2755 ἐστὶν

196 2926 219 2974 1.
234 2919 252 2990 ἡ
266 2918 322 2974 ὑπό
336 2950 370 2958 -
385 2927 409 2973 3.
424 2919 532 2990 ὀρθῶν]
548 2935 630 2988 om.p
648 2918 751 2972 lacuna
764 2917 872 2972 relicta.
928 2924 952 2971 1.
971 2918 988 2988 ἡ
1003 2918 1060 2972 ὑπό
1088 2936 1133 2986 vc,

123 3008 204 3047 enan.
214 2991 248 3060 V,
267 2992 354 3059 repet.
368 3007 424 3060 mg.
438 3008 475 3044 m.
488 3006 542 3044 rec.
558 2992 610 3060 („†
625 2988 709 3044 sicin
722 2989 921 3060 apographffl).
976 2993 1057 3042 ΑΓΒ
1087 3007 1133 3058 vc,

124 3080 204 3118 enan.
223 3062 258 3132 V,
280 3063 367 3131 repet.
386 3079 442 3132 mg.
460 3079 496 3116 m.
515 3077 570 3116 rec.
650 3067 674 3117 2.
695 3060 894 3132 αλ(ιι1λ.)]νο,
919 3075 1000 3114 euan.
1018 3060 1053 3128 V,
1077 3078 1133 3130 mg.

122 3154 159 3190 m.
177 3151 232 3190 rec.
257 3133 305 3204 ,αἱ
324 3132 417 3187 -sic
439 3132 470 3186 in
493 3133 668 3204 apographo,
698 3133 747 3186 sed
769 3135 855 3186 notae
879 3134 908 3184 et
927 3130 1052 3200 spatium
1069 3131 1134 3200 plus

122 3205 300 3276 designant“.
390 3206 490 3275 ΑΒΗ]
513 3223 532 3258 v
558 3206 588 3258 et
616 3220 701 3273 supra,
728 3220 778 3258 scr.
801 3221 838 3256 m.
862 3217 916 3257 rec.
935 3202 969 3270 V,
998 3218 1080 3255 euan.
1099 3202 1132 3269 V,

119 3280 213 3331 ΑΒΝ
227 3294 251 3332 ο,
315 3281 340 3330 5.
359 3275 427 3349 ἐστι]
447 3275 626 3331 abstulerunt
644 3290 753 3329 uermes
772 3291 794 3328 ο.
859 3279 883 3328 6.
904 3274 972 3326 Post
990 3277 1051 3327 ΔΗ
1069 3273 1133 3327 add.

122 3348 238 3417 Halley:
264 3344 405 3403 τουτέστιν
423 3347 441 3418 ἡ
460 3350 516 3401 ΑΓ
530 3345 600 3415 πρὸς
620 3350 678 3402 ΓΒ.
752 3344 819 3417 ἔχει]
839 3362 892 3399 om.
912 3360 935 3398 c.
1017 3350 1040 3398 V.
1067 3343 1135 3412 ὅπερ

123 3418 182 3474 ἔδει
196 3419 297 3491 δεῖξαι]
318 3435 371 3474 om.
382 3438 409 3489 p.
465 3424 490 3473 9.
508 3425 564 3472 τῶν
577 3416 679 3489 ἀλλων]
699 3433 752 3471 om.
763 3434 790 3485 p.
847 3421 888 3470 12.
907 3414 977 3482 πρός
986 3414 1070 3488 (alt.)]
1088 3432 1135 3484 cp,

108 3505 162 3543 0111.
181 3489 231 3545 Vr·
299 3489 453 3567 ἀμβλεῖαν]
474 3509 514 3563 cp
533 3490 564 3546 eb
581 3487 613 3544 'm
629 3493 808 3556 mmm,
824 3489 841 3557 β
858 3502 1009 3553 sumant.
1022 3505 1059 3542 m.
1073 3496 1085 3540 1
1100 3486 1134 3540 V.

129 3565 177 3616 14.
197 3559 280 3637 ἐστί]
298 3563 380 3624 ἔσται
398 3586 429 3640 p.
502 3572 545 3624 16.
567 3562 726 3639 &pflmuss
740 3575 817 3629 περ,
834 3559 851 3627 β
869 3572 956 3621 mm
967 3556 1149 3606 mmss.
