2430 3854
122 189 188 252 220
432 189 520 240 ΠΕΡΙ
538 189 666 240 Κοαου
685 190 821 240 ΤοΜΗΣ.

122 341 154 397 Α
178 332 213 398 ἐν
236 342 281 420 τῷ
306 331 399 420 ὀρθῷ
427 334 510 418 πρὸς
532 334 591 397 τὸν
614 333 737 396 κύκλον
761 331 902 418 ἐπιπέδῳ
927 329 1134 417 παράλληλος

122 441 216 522 ἡχθω
244 450 283 524 τῇ
313 442 372 503 ΓΒ
400 437 513 522 ἡ·ΑΕ
537 437 593 503 καὶ
620 448 658 523 τῇ
686 443 752 502 ΑΒ
779 438 993 524 παράλληλος
1017 435 1037 521 ἡ
1060 443 1134 521 ΕΖ,

122 545 177 610 καὶ
205 546 387 630 ἐπεζεύχθω
415 543 435 628 ἡ
461 550 543 628 ΖΑ,
570 544 606 609 έν
634 542 669 608 δέ
697 554 742 632 τῷ
767 546 876 633 κύκλῳ
900 554 941 630 τῇ
966 549 1035 609 ΓΔ
1057 546 1135 630 πρὸς

122 653 229 737 ὀρθὰς
250 653 410 735 ἤχθωσαν
438 653 475 715 αί
495 655 576 734 ΒΘ,
601 655 684 734 ΖΗ,
711 649 766 715 καὶ
794 650 978 734 ἐπεζεύχθω
1009 649 1030 732 ἡ
1059 655 1134 714 ΒΗ.

88 772 103 819 5
123 757 192 822 ἐπεὶ
219 755 238 840 ἡ
262 758 327 822 ὑπὸ
352 762 457 821 ΑΒΔ
480 758 540 822 οὐκ
564 756 707 822 ἑλίττων
731 754 820 822 ἐστὶν
842 754 1011 842 ἡμισείας,
1040 755 1132 838 καὶὴ

121 865 187 929 ὑπὸ
207 869 311 928 ΒΑΕ
327 865 390 949 ἄρα
410 864 470 928 ούκ
489 862 633 929 ἑλίττων
652 861 742 928 ἐστὶν
759 862 921 948 ἡμισείας·
946 861 966 945 ἡ
987 865 1055 949 ἄρα
1073 863 1134 927 ὑπὸ

122 976 238 1054 ΕΒΑ,
265 969 435 1036 τουτέστιν
462 966 482 1052 ἡ
510 970 575 1035 ὑπὸ
601 975 713 1053 ΖΕΒ,
741 970 781 1034 ού
806 973 925 1054 μείζων
949 967 1042 1034 ἐστὶν
1064 967 1135 1054 ἡμι-

123 1081 224 1156 σείας·
247 1075 269 1160 ἡ
293 1079 356 1162 ἄρα
378 1077 443 1141 ὑπὸ
464 1082 559 1141 ΖΕΒ
584 1077 624 1141 ού
647 1079 766 1160 μείζων
785 1075 853 1141 ἐστὶ
872 1085 930 1160 τὴς
948 1077 1015 1141 ὑπὸ
1036 1081 1134 1141 ΕΑΒ.

123 1181 192 1248 ἐπεὶ
211 1180 273 1250 οὖν
292 1185 353 1248 δύο
373 1187 518 1270 τρίγωνα
535 1184 575 1247 τὰ
595 1187 706 1266 ΖΕΒ,
727 1187 825 1247 ΖΑΒ
845 1180 898 1247 ἐπὶ
915 1193 993 1266 μιᾶς
1013 1183 1136 1266 βάσεως

72 1304 105 1352 10
124 1289 316 1372 συνέστηκε,
347 1288 401 1353 καὶ
431 1288 451 1371 ἡ
481 1288 545 1354 ἀπὸ
575 1297 635 1353 τοῦ
665 1294 697 1351 Α
726 1289 866 1364 κάθετος
898 1288 951 1352 ἐπὶ
980 1291 1044 1372 τὴν
1076 1293 1137 1353 ΓΑ

124 1394 278 1479 ἀγομένη,
302 1395 346 1470 ὡς
369 1394 389 1476 ἡ
408 1399 491 1478 ΑΚ,
516 1396 576 1460 ούκ
600 1394 690 1460 ἐστιν
713 1395 857 1460 ἑλίττων
878 1405 937 1478 τὴς
957 1400 1033 1478 ΕΒ,
1057 1395 1077 1478 ἡ
1102 1392 1136 1459 δὲ

123 1502 188 1566 ὑπὸ
214 1505 309 1589 ΖΕΒ
332 1510 393 1565 τοῦ
417 1501 628 1587 ὀρθογωνίου
657 1505 761 1583 γωνία
785 1501 824 1565 ού
848 1505 966 1585 μείζων
989 1501 1060 1566 ἐστὶ
1084 1513 1138 1586 τῆς

123 1607 188 1671 ὑπὸ
212 1612 328 1690 ΕΑΒ,
355 1605 375 1688 ἡ
402 1608 466 1692 ἄρα
490 1611 554 1671 ΖΕ
573 1608 658 1693 πρὸς
680 1611 743 1671 ΕΒ
768 1606 925 1671 ἐλάττονα
948 1610 1052 1690 λόγον
1075 1613 1138 1692 ἔχει

123 1717 205 1799 ἡπερ
229 1713 249 1797 ἡ
270 1719 335 1778 ΖΑ
357 1714 440 1799 πρὸς
457 1718 524 1776 ΑΒ
548 1714 603 1777 διὰ
626 1715 663 1777 τὸ
687 1715 883 1800 τριακοστὸν
906 1716 1031 1796 ύχὸοον
1054 1717 1137 1780 θεώ-

72 1835 104 1882 15
125 1846 220 1907 ρημα.
266 1821 311 1896 ὡς
338 1817 375 1884 δέ
402 1818 422 1902 ἡ
452 1825 516 1884 ΖΕ
541 1821 624 1905 πρὸς
650 1825 728 1904 ΕΒ,
756 1820 862 1897 οὕτως
886 1819 906 1903 ἡ
931 1825 1015 1904 ΒΗ,
1045 1847 1137 1886 τουτ-

124 1927 214 1993 έστιν
237 1927 256 2010 ἡ
276 1932 355 2010 ΒΘ,
378 1928 461 2013 πρὸς
481 1930 560 1990 ΖΗ·
585 1932 638 2009 ίση
662 1928 725 2013 γὰρ
749 1925 846 2009 καὶὴ
870 1932 933 1991 ΕΖ
957 1937 995 2012 τὴ
1021 1928 1057 1992 έκ
1080 1939 1139 1992 τοῦ

124 2033 276 2121 κέντρου·
307 2032 363 2098 καὶ
394 2032 414 2116 ἡ
448 2037 512 2097 ΒΘ
540 2035 603 2118 ἄρα
635 2034 718 2119 πρὸς
749 2037 823 2097 ΖΗ
846 2033 1004 2098 ἐλάττονα
1037 2039 1138 2117 λόγον

125 2145 189 2226 ἔχει
221 2143 303 2226 ἡπερ
333 2141 353 2224 ἡ
386 2145 450 2204 ΖΑ
476 2141 559 2226 πρὸς
586 2145 662 2204 ΑΒ.
712 2141 749 2205 τὸ
778 2141 842 2226 ίίρα
869 2140 934 2205 ὑπὸ
963 2146 1045 2224 ΑΒ,
1073 2147 1139 2206 ΒΘ

125 2251 260 2315 έλαττύν
283 2248 349 2312 ἐστι
375 2256 435 2312 τοῦ
457 2247 523 2311 ὑπὸ
547 2251 627 2330 ΑΖ,
650 2251 732 2329 ΖΗ,
760 2245 909 2311 τουτέστι
937 2247 974 2311 τὸ
998 2248 1056 2310 διὰ
1079 2257 1138 2312 τοῦ

72 2367 105 2414 20
125 2353 242 2432 ἄξονος
266 2351 430 2430 ἰσοσκελές
451 2363 511 2419 τοῦ
533 2355 588 2417 διὰ
606 2362 664 2437 τῆς
681 2359 713 2416 Α
720 2358 747 2417 Ζ
767 2355 969 2428 ίσοσκελοῦς·
994 2354 1056 2418 οὐκ
1075 2356 1139 2439 ἄρα

125 2464 162 2526 τὸ
181 2463 236 2526 διὰ
254 2471 314 2525 τοῦ
333 2460 450 2538 ἄξονος
470 2457 634 2536 ἰσοσκελές
651 2459 805 2544 μέγιστόν
825 2459 892 2524 ἐστι
910 2460 1048 2525 πάντων
1062 2473 1138 2543 τῶν,

124 2604 276 2623 ,-,--.
283 2607 336 2612 ,-

198 2695 221 2743 2.
243 2689 306 2812 ΓΒχ
325 2692 377 2742 ΑΒ
396 2705 423 2756 p.
478 2687 564 2756 ἡΑΕ
578 2684 642 2758 καί]
663 2687 792 2757 suppleui
806 2705 868 2741 eum
884 2687 997 2755 Com,
1018 2704 1072 2742 om.
1085 2689 1138 2756 Vc,

126 2759 143 2827 ἡ
158 2764 181 2811 A
187 2762 212 2812 E
225 2758 274 2813 καὶ
307 2760 344 2813 πὸ
359 2766 408 2812 τοῦ
423 2763 444 2811 Β
458 2757 529 2826 πρὸς
543 2757 634 2826 ὀρθὰς
647 2757 766 2829 ἀνὴχθω
782 2759 799 2828 ἡ
814 2762 867 2812 ΒΕ
881 2759 929 2813 καὶ
944 2758 993 2811 διὰ
1006 2768 1058 2812 τοῦ
1073 2763 1137 2828 Ep,

126 2831 143 2898 ἡ
167 2833 221 2883 ΑΕ
243 2830 291 2884 καὶ
314 2830 383 2897 πρὸς
407 2827 497 2896 ὀρθὰς
519 2829 537 2897 ἡ
561 2833 615 2883 ΒΕ
636 2829 752 2898 Halley;
781 2833 810 2883 et
831 2829 895 2883 fort.
918 2828 1002 2898 plura
1028 2831 1138 2884 desunt.

160 2901 205 2973 τῇ]
220 2909 253 2972 τῇ
270 2897 301 2954 δέ
315 2899 425 2968 Halley.
480 2897 666 2972 παράλληλος]
680 2899 855 2970 παράλληλος
868 2899 950 2971 ἡχθω
963 2919 991 2969 p.
1043 2902 1137 2971 ἡΕΖ]

126 2989 228 3027 ecorr.
247 2991 274 3042 p.
335 2977 359 3026 3.
382 2971 441 3041 ZA]
460 2989 487 3040 p,
509 2975 561 3024 ΖΑ
579 2971 632 3025 Vc.
694 2978 719 3026 4.
740 2971 897 3042 ἐπεζεύχθω
916 2972 933 3040 ἡ
949 2972 1025 3061 ΒΗὴ
1043 2988 1096 3025 om.
1111 2990 1137 3040 p.

162 3049 186 3100 5.
207 3045 258 3099 ούκ
277 3041 408 3113 ἐλάττων]
427 3059 503 3111 vop,
528 3043 579 3097 οὐκ
599 3041 625 3095 έ-
644 3059 724 3097 enan.
744 3043 777 3098 V.
853 3040 992 3114 ἡμισείας]
1011 3040 1139 3111 ἡμισείας

126 3116 216 3186 ὀρθῆς
234 3135 261 3185 p.
316 3113 365 3169 καὶ
378 3110 396 3182 ἡ
411 3113 466 3168 ὑπὸ
481 3117 561 3167 ΒΑΕ
580 3113 647 3184 ἄρα]
666 3131 736 3183 vop,
756 3115 805 3168 καὶ
818 3111 835 3183 ἡ
851 3115 881 3168 ύ-
896 3116 925 3167 et
938 3134 989 3181 -ρα
1009 3130 1090 3168 enan.
1105 3114 1136 3166 V.

162 3194 184 3242 7.
204 3185 222 3257 ἡ
245 3184 347 3257 ισείας]
366 3182 494 3254 ἡμισείας
512 3185 603 3254 ὀρθῆς
619 3203 646 3254 p.
738 3191 762 3239 8.
781 3186 850 3238 Post
868 3182 966 3253 μείζων
986 3202 1044 3254 rep.
1065 3184 1137 3238 ἐστὶν

126 3259 159 3312 ού
183 3208 281 3327 μείὲων
305 3256 379 3311 ἐστίν
402 3253 529 3325 ἡμισείας
551 3254 568 3325 ἡ
589 3255 645 3324 ἄρα
667 3255 722 3311 ὑπὸ
744 3259 822 3310 ΖΕΒ
847 3258 879 3310 ού
899 3253 997 3325 μείζων
1021 3256 1055 3324 V,
1085 3255 1137 3309 del.

126 3331 159 3383 ού
183 3327 281 3398 μείζων
305 3328 378 3382 ἐστὶν
400 3324 541 3397 ἡμισείας;
570 3325 643 3382 ἐστὶν
661 3324 789 3396 ἡμισείας
811 3325 828 3396 ἡ
849 3327 905 3396 ἄρα
923 3325 979 3380 ὑπὸ
1002 3331 1081 3380 ΖΕΒ
1106 3327 1137 3380 ού

125 3397 224 3468 μείζων
242 3417 299 3469 rep.
317 3419 344 3454 v.
436 3398 531 3524 ΕΑΒχ
551 3401 631 3451 ΒΑΕ
648 3416 675 3467 p.
767 3405 790 3453 9.
818 3399 912 3469 ΖΕΒ]
931 3415 1006 3467 vop,
1036 3415 1137 3452 ecorr.

120 3487 157 3524 m,
179 3477 193 3524 1
216 3471 246 3526 V.
302 3476 354 3527 42.
376 3467 449 3543 ἐστί]
470 3469 544 3524 ἐστν
560 3485 588 3539 ο,
607 3469 658 3524 sed
671 3485 741 3523 corr.
809 3475 852 3523 14.
876 3468 994 3538 ύηδοονὴ
1012 3467 1093 3523 έκτον
1111 3487 1137 3537 p,

110 3538 248 3610 te‘metov
264 3542 378 3615 Hafley.
448 3549 493 3600 16.
513 3543 583 3617 καί]
601 3559 658 3598 om.
675 3560 712 3612 η,
729 3537 745 3596 ἡ
768 3543 824 3593 BE
840 3548 876 3608 τῇ
893 3543 952 3589 'LH
967 3536 1018 3590 mk
1031 3539 1146 3600 RQ.
