2430 3854
131 187 194 250 134
445 190 532 240 ΠΕΡΙ
549 189 678 240 Καιιον
695 188 831 242 ΤοωΗΣ.

612 366 655 450 η’.

193 489 270 556 Ἐὰν
297 492 333 557 ἐν
361 493 456 580 κώνῳ
484 491 578 579 ὀρθῷ
606 491 643 555 τὸ
669 492 724 555 mo}
748 499 807 555 τοῦ
831 489 948 568 ἄξονος
974 495 1141 575 τρίγωνον

128 596 283 682 μέγιστον
301 593 322 684 ᾗ
340 599 475 663 ιτᾶντων
493 609 560 662 τῶν
577 596 668 673 ἐκτὸς
685 606 745 662 τοῦ
760 595 876 674 ἄξονος
890 596 1140 681 συνισταμένων

129 706 316 789 τριγώνων,
345 705 362 769 ὁ
386 703 474 782 ἄξων
497 712 556 768 τοῦ
579 705 690 768 κώνου
714 704 774 768 οὐκ
798 703 946 768 ἐλάσσων
969 706 1061 767 ἔσται
1085 713 1140 787 της

93 825 109 872 5
128 808 163 874 ἐκ
186 819 245 875 τοῦ
269 810 409 896 κέντρον
433 820 490 895 τῆς
512 811 647 892 βάσεως.

196 920 278 982 ἐστω
302 929 418 1001 κῶνος,
442 914 483 983 οὗ
506 919 636 1003 κορυφὴ
660 914 720 1001 μὲν
743 918 779 980 τὸ
799 921 841 998 Α,
864 913 951 992 ἄξων
975 913 1012 979 δὲ
1036 915 1055 998 ἡ
1076 921 1140 980 ΑΒ

128 1023 259 1106 εὐθεῖα,
281 1022 383 1106 -βᾶσις
406 1020 443 1087 δὲ
466 1024 483 1089 ὁ
507 1021 582 1108 περὶ
605 1024 641 1087 τὸ
666 1027 694 1086 Β
721 1022 858 1107 κέντρον
880 1023 1015 1104 κύκλος,
1043 1024 1081 1087 τὸ
1105 1019 1139 1086 δέ

129 1131 184 1193 διὰ
207 1139 267 1194 τοῦ
287 1128 404 1207 ἄξονος
421 1134 585 1215 τρίγωνον
604 1131 640 1194 τὸ
658 1132 756 1193 ΑΓΛ
775 1128 928 1212 μέγιστον
947 1128 986 1194 ὂν
1006 1131 1139 1194 πάντων

128 1248 194 1302 τῶν
223 1237 259 1302 ἐν
286 1246 331 1324 τῳ
363 1239 458 1323 κώνῳ
488 1235 737 1320 συνισταμένων
764 1236 936 1319 τριγώνων
960 1234 1053 1311 ἐκτὸς
1080 1245 1139 1300 τοῦ

75 1355 109 1402 10
129 1341 254 1420 ἄξονος.
305 1342 405 1426 λέγω,
433 1343 483 1407 ὅτι
507 1342 527 1424 ἡ
552 1347 618 1406 ΑΒ
647 1344 708 1407 οὔκ
732 1341 821 1406 ε’στιν
849 1341 992 1407 ἐλᾶττων
1021 1353 1079 1426 τῆς
1107 1343 1139 1407 ἐκ

128 1458 188 1513 τοῦ
211 1448 359 1534 κέντρου.

195 1558 225 1619 εί
251 1557 314 1642 γᾶρ
343 1557 503 1640 δυνατόν,
536 1559 618 1621 ἔστω
647 1556 805 1639 ἐλᾶττων,
837 1554 892 1620 καὶ
915 1559 1010 1640 ἤχθω
1035 1556 1072 1620 ἐν
1096 1566 1138 1643 τῳ

127 1663 237 1749 κύκλῳ
269 1664 352 1748 πρὸς
380 1663 487 1748 ὀρθᾶς
513 1673 552 1748 τη
581 1666 642 1727 ΓΔ
669 1663 688 1746 ἡ
716 1667 788 1727 ΒΕ.
842 1661 897 1727 καὶ
925 1661 994 1727 ἐπεὶ
1026 1662 1046 1744 ἡ
1075 1663 1137 1728 ὑπὸ

129 1773 232 1834 ΑΒΕ
253 1773 358 1852 γωνία
381 1771 469 1855 ὀρθη
493 1769 596 1853 ε’στιν,
625 1769 644 1852 ἡ
669 1772 732 1854 ἄρα
754 1771 794 1835 τὰ
818 1776 859 1853 Α,
878 1774 910 1834 Ε
930 1782 1048 1853 σημεῖα
1072 1768 1137 1833 εἰιι-

76 1887 109 1934 15
130 1879 334 1959 ζευγνύουσα
357 1876 472 1941 εὐθεῖα
490 1879 609 1959 μείζων
628 1874 697 1941 ἐστὶ
715 1885 773 1959 της
791 1877 826 1941 ἐκ
844 1885 905 1941 τοῦ
923 1875 1063 1960 κέντρου
1083 1886 1138 1959 τῆς

127 1988 199 2047 BE.
233 1983 291 2048 ἐὰν
310 1985 374 2067 ἄρα
394 1989 447 2064 ίση
467 1992 506 2066 τῇ
526 1981 561 2045 ἐκ
579 1990 639 2045 τοῦ
658 1981 798 2067 κέντρου
814 1982 876 2046 ἄτιὸ
891 1990 951 2046 τοῦ
966 1988 997 2046 Α
1016 1982 1082 2046 ὑπὸ
1100 1991 1138 2067 τῇ

127 2089 191 2154 ὑπὸ
207 2095 311 2154 ΑΒΕ
323 2093 428 2175 γωνίᾳ
443 2087 645 2173 ἐναρμοσθη,
664 2088 783 2172 μεταξὺ
797 2100 942 2153 πεσεῖται
957 2099 1024 2152 τῶν
1039 2093 1068 2152 Β
1083 2086 1137 2153 καὶ

127 2200 158 2259 Ε
179 2199 331 2279 σημείων.
369 2194 564 2279 ἐνηρμόσθω
584 2194 604 2277 ἡ
625 2199 657 2258 Α
664 2198 691 2257 Ζ
715 2201 769 2276 ίση
792 2205 831 2279 τῇ
855 2193 890 2258 ἐκ
908 2203 968 2259 τοῦ
987 2194 1137 2275 κέντρου,

127 2299 182 2365 καὶ
205 2302 266 2365 διὰ,
288 2311 348 2366 τοῦ
374 2308 400 2366 Ζ
428 2303 516 2387 παρὰ
542 2303 604 2384 τὴν
628 2304 688 2365 ΓΛ
715 2302 810 2384 ἤχθω
834 2301 854 2384 η
877 2304 917 2364 Η
920 2306 962 2383 Θ,
990 2300 1047 2364 καὶ
1070 2301 1138 2365 εἰιε-

74 2419 109 2466 20
129 2409 254 2491 ζεύχθω
278 2407 298 2490 ἡ
324 2413 405 2473 ΒΗ·
434 2410 605 2491 γενήσεται
629 2409 680 2490 δή,
704 2407 748 2482 ώς
772 2407 876 2494 ἐντῷ
900 2405 928 2470 ε’
947 2409 1139 2492 θεωρήματι

127 2513 276 2597 ἐδείχθη,
299 2517 339 2578 τὰ
364 2519 479 2597 ΑΒΖ,
498 2519 537 2578 Η
540 2519 601 2578 ΒΖ
625 2517 770 2598 τρίγωνα
794 2513 905 2597 ὅμοια,
933 2512 988 2577 καὶ
1012 2520 1082 2578 λ’σαι
1106 2516 1142 2578 αί

126 2619 292 2703 ὁμόλογοι,
315 2619 370 2685 καὶ
394 2620 480 2703 ώςὴ
507 2626 571 2684 ΖΑ
594 2621 676 2704 πρὸς
694 2624 770 2702 ΑΒ,
794 2619 899 2695 οὕτως
922 2619 942 2701 η
964 2624 1039 2684 ΒΗ
1057 2623 1140 2706 πρὸς

126 2728 205 2808 ΗΖ,
228 2726 398 2792 τουτέστιν
422 2727 442 2810 η
463 2730 523 2791 ΓΒ
547 2726 629 2811 πρὸς
647 2729 686 2790 Η
689 2731 724 2789 Z.
761 2727 798 2790 τὸ
817 2728 881 2811 ἄρα
898 2725 964 2790 ὑπὸ
984 2731 1062 2810 ΑΒ,
1077 2730 1144 2790 ΒΓ

128 2837 202 2895 ίσον
226 2830 294 2896 ἐστὶ
312 2840 357 2917 τῷ
376 2831 441 2895 ὑπὸ
461 2837 537 2914 ΑΖ,
553 2835 630 2915 ΖΗ,
653 2830 801 2896 τουτέστι
819 2833 856 2895 τὸ
872 2832 927 2895 διὰ
948 2840 1007 2895 τοῦ
1023 2830 1140 2909 ἄξονος

73 2948 107 2996 26
127 2940 291 3022 τρίγωνον
310 2944 384 3002 ίσον
402 2936 471 3001 ἐστὶ
490 2947 535 3024 τῷ
552 2943 583 3001 Α
588 2942 627 3001 Η
631 2942 659 3001 Θ
677 2939 841 3024 τριγώνῳ·
861 2937 940 3022 ὅπερ
956 2937 1137 3003 ἀδύνατον·

196 3103 221 3165 ’1.
241 3112 284 3183 η’]
303 3130 322 3180 p
341 3115 370 3166 et
388 3130 442 3182 mg.
463 3130 498 3166 m.
518 3128 572 3166 rec.
591 3111 625 3180 V,
646 3129 699 3165 om.
714 3111 771 3180 Vc,
791 3114 820 3164 et
839 3111 878 3164 sic
897 3111 1038 3180 deinceps,
1114 3119 1138 3166 2.

128 3182 170 3253 ἐν]
190 3200 243 3236 om.
259 3200 281 3237 ος
336 3190 361 3237 6.
380 3183 449 3236 Post
468 3178 501 3237 οὗ
521 3183 574 3236 del.
591 3181 671 3253 βάσις
689 3188 794 3237 mle.
851 3188 892 3236 14.
913 3184 1024 3254 σημεῖα]
1043 3200 1097 3238 om.
1112 3202 1137 3252 p.

164 3261 205 3308 16.
219 3262 252 3324 τη
266 3253 333 3325 ὑπό]
349 3253 455 3322 scripsi,
470 3254 521 3323 τὴν
531 3252 585 3308 ὑπό
600 3272 627 3322 p,
642 3262 692 3307 τοῦ
702 3254 755 3308 Vc.
817 3260 858 3307 17.
874 3252 974 3327 γωνίᾳ]
989 3253 1098 3323 γωνίαν
1111 3273 1136 3323 p.

164 3330 204 3378 19.
227 3326 264 3396 Ζ]
283 3342 298 3379 e
317 3342 384 3379 corr.
404 3343 430 3393 p.
507 3331 549 3378 20.
570 3327 642 3396 BH]
661 3327 720 3380 ΗΘ
738 3343 765 3394 p.
847 3331 890 3380 22.
910 3324 1054 3397 ὁμόλογοι]
1074 3325 1138 3394 ὁμό-

126 3397 204 3465 λογοι
221 3394 338 3463 πλευραί
355 3414 382 3465 p.
455 3397 516 3467 AB]
534 3413 608 3466 vcp,
629 3412 697 3449 corr.
717 3412 751 3450 ex
769 3399 823 3452 ΑΘ
841 3415 877 3450 m.
898 3403 912 3449 1
932 3396 965 3450 V.
1040 3395 1138 3467 οὕτως]

127 3482 226 3534 omp.
300 3469 636 3539 24.AZ]Zecorr.p.
712 3468 987 3538 ZH]p,ENVO.
1061 3487 1139 3522 tovvr

72 3531 189 3632 ιιι]
204 3537 292 3592 τουτί
309 3537 366 3594 ἐστι
386 3557 408 3596 ο.
485 3544 527 3596 25.
547 3539 707 3611 ἄδυνατονλ
725 3538 757 3592 ἀ·
776 3554 793 3591 ο
810 3555 880 3594 eon.
896 3557 926 3606 η.
