2430 3854
124 166 187 227 116
393 166 480 215 ΠΕΡΙ
498 165 712 216 ΚυωαΔΡου
731 165 866 219 ΤοΜΗΣ.

121 321 192 385 ταῖς
218 308 362 391 ἀκτῖσιν,
390 314 453 372 εἴτε
476 304 559 373 ’καθ’
590 308 670 373 αὑτὸ
699 308 738 372 δν
760 310 797 373 τὸ
820 311 985 392 τρίγωνον
1008 314 1072 372 είτε
1099 308 1136 372 ἐν

121 417 232 502 κώνῳ,
260 399 460 498 συμβῆσεται
488 416 546 489 τδις
569 414 632 478 ιἰκὸ
656 423 716 478 τοῦ
742 419 770 478 Θ
793 414 977 499 φερομένας
1001 415 1138 492 ἀκτῖνας

123 522 342 596 ε’κπιπτούσας
364 522 420 585 διδι
443 531 503 586 τοῦ
529 524 634 586 ΑΒΓ
650 522 816 606 τριγώνου
838 534 947 587 ποιεῖν
970 523 1006 586 τὸ
1031 526 1108 586 ΚΝ
1110 523 1141 595 Ξ

123 632 287 713 τρίγωνον
310 637 368 711 τῆς
390 638 484 703 σκιᾶς
507 629 622 712 ὅμοιον
645 627 685 693 δν
708 637 753 715 τῷ
777 632 885 693 ΑΒΓ.

88 746 103 794 5
194 739 304 799 Ταῦτα
327 737 358 799 εί
377 733 433 799 καὶ
456 735 591 819 ὀπτικῆς
608 739 754 822 θεωρίας
773 739 878 820 ἔχεται
897 734 951 800 καὶ
970 736 1063 799 δοκεῖ
1080 737 1138 800 διδι

123 850 220 906 τοῦτο
244 851 301 925 τῆς
323 842 492 927 παρούσης
514 846 736 928 πραγματείας
759 842 916 929 ἀλλότρια
939 837 1035 924 εἶναι,
1059 841 1134 906 ἀλλ’

124 944 185 1013 οὖν
208 948 313 1013 ἐκεῖνό
337 971 374 1029 γε
397 949 544 1033 φανερὸν
568 948 711 1033 γέγονεν,
735 950 785 1014 ὅτι
803 951 883 1013 ἄνευ
902 959 966 1013 τῶν
985 947 1060 1034 περὶ
1079 959 1138 1033 τῆς

123 1064 183 1119 τοῦ
219 1055 400 1140 κυλίνδρου
435 1052 490 1118 καὶ
522 1064 579 1139 τῆς
611 1064 670 1119 τοῦ
703 1057 813 1120 κώνου
850 1064 951 1139 τομῆς
987 1055 1138 1120 ἐνταῦθα

124 1160 339 1246 δειχθέντων,
367 1170 424 1244 τῆς
449 1160 622 1238 ἐλλείψεως
651 1161 735 1243 λέγω
765 1160 820 1226 καὶ
848 1172 914 1226 τῶν
942 1161 1138 1247 ἁπτομένων

72 1279 106 1327 10
126 1270 227 1352 αὐτῆς
254 1268 411 1350 εὐθειῶν,
438 1267 605 1332 ἀδύνατον
633 1262 674 1349 ῆν
699 1277 899 1351 καταστῆσαι
922 1270 958 1333 τὸ
982 1279 1138 1333 τοιοῦτον

123 1378 309 1460 πρόβλημα·
347 1375 429 1438 ὥστε
461 1374 522 1438 οὐκ
554 1374 695 1456 ἀλόγως,
728 1373 811 1438 ιἰλλδι
842 1375 898 1438 διδι
929 1374 990 1456 τῆν
1022 1378 1138 1461 χρείαν

125 1481 320 1564 ἐπεισῆλθεν
343 1480 360 1545 ὁ
383 1479 608 1567 περὶτούτων
631 1484 736 1563 λόγος.

198 1680 221 1727 1.
236 1670 305 1726 καθ’
319 1672 399 1744 αὑτό]
414 1691 464 1741 vc,
483 1638 584 1727 καίίαἷι1
605 1674 637 1727 V.
696 1680 719 1726 6.
734 1670 936 1762 πραμματείας]
951 1690 973 1741 ο,
993 1656 1136 1741 mammas

125 1744 182 1797 Vv.
238 1750 279 1798 12.
298 1744 415 1815 τούτων]
434 1744 533 1798 τούτου
553 1761 575 1797 ο.
630 1745 663 1797 In
682 1745 749 1799 fine:
768 1748 844 1807 τελος
862 1753 911 1799 τοῦ
931 1744 961 1797 α’
977 1762 1012 1798 m.
1033 1760 1087 1798 rec.
1104 1745 1136 1798 V.

125 1814 233 1868 Deinde
252 1815 369 1883 σερήνου
388 1813 537 1877 ἀντινσέως
556 1815 713 1885 φιλοσόφου
736 1817 800 1884 περὶ
818 1814 968 1883 κυλίνδρου
987 1824 1074 1885 τομῆς
1090 1840 1135 1870 ε·-

125 1923 183 1992 Vc,
211 1921 243 1976 τὸ
266 1901 311 1992 [3⁰⁷
335 1921 399 1975 add.
418 1941 453 1977 m.
477 1938 530 1975 rec.
551 1922 588 1989 V;
621 1919 697 1984 τέλος
719 1930 768 1976 τοῦ
792 1922 855 1989 περὶ
878 1919 1029 1989 κυλίνδρου
1052 1932 1138 1992 τομῆς

126 1992 244 2062 σερῆνον
264 1993 358 2048 Ambr.
378 1993 403 2045 A
418 1999 467 2046 101
484 2011 543 2062 sup.
