2430 3854
120 166 163 230 52
391 168 477 218 ΠΕΡΙ
495 166 709 218 ΚΤΛΙΝΔΡΟΤ
728 167 863 219 ΤΟΜΗΣ.

120 309 307 394 βανομένην
330 311 412 395 πρὸς
430 319 469 395 τῇ
488 319 570 394 τομῇ
590 309 740 375 ἐλλεῖπον
759 310 840 375 εῖδει
858 309 960 397 ὁμοίῳ
980 320 1026 398 τῷ
1046 331 1138 395 περι-

121 416 264 505 εχομένῳ
293 417 357 483 ὑπὸ
385 426 443 500 της
466 415 644 501 διαμέτρου
667 415 723 481 καὶ
745 427 803 500 τῆς
825 419 937 501 τρίτης
960 415 1138 498 ἀνάλογον.

190 544 270 605 ἔστω
304 542 486 625 κυλίνδρου
520 542 618 625 τομή,
645 535 684 624 ἦς
712 541 886 625 διάμετρος
914 536 975 624 μὲν
1011 540 1032 623 η
1061 544 1138 624 ΑΒ,

122 647 259 732 δευτέρα
287 644 325 711 δέ
352 647 527 732 διάμετρος
548 646 569 729 η
594 651 673 730 ΓΛ,
696 645 751 711 καλ
774 645 934 730 γενέσθω,
957 646 1002 722 ὡς
1025 647 1047 730 η
1071 651 1138 711 ΑΒ

87 767 102 813 5
121 755 205 840 πρὸς
223 756 284 838 τὴν
303 757 379 837 ΓΔ,
399 753 504 830 οὕτως
522 753 542 836 ἡ
563 756 627 817 ΓΛ
648 755 731 838 πρὸς
753 755 815 837 τὴν
833 757 914 835 ΑΗ,
936 751 992 817 καὶ
1011 756 1136 818 κείσθω

121 861 141 944 ἡ
165 865 241 925 ΑΗ
260 863 343 946 πρὸς
365 860 472 945 ὀρθὰς
494 871 533 945 τῇ
553 864 629 943 ΑΒ,
652 858 707 924 καλ
731 858 915 944 ἐπεζεύχθω
938 859 958 942 ἡ
978 863 1059 943 ΒΗ,
1082 859 1138 925 καὶ

122 967 175 1033 ἐπὶ
203 970 264 1052 τὴν
292 972 358 1032 ΑΒ
385 969 480 1051 ἤχθω
508 964 712 1051 τεταγμένως
739 966 759 1050 η
782 970 861 1048 ΕΖ,
885 963 941 1030 καὶ
963 967 1055 1052 παρὰ
1076 967 1137 1051 μὲν

121 1076 182 1158 τὴν
205 1078 281 1138 ΑΗ
301 1075 320 1157 η
345 1078 423 1156 ΖΘ,
451 1073 540 1157 παρα
564 1069 601 1136 δέ
623 1073 684 1156 την
708 1076 774 1136 ΑΖ
797 1071 817 1155 ἡ
844 1075 917 1137 ΘΚ.
963 1070 1063 1156 λέγω,
1087 1075 1138 1138 ὅτι

121 1182 158 1245 τὸ
187 1179 250 1245 ἀπὸ
278 1189 336 1263 της
358 1184 422 1244 ΕΖ
447 1186 520 1244 ἴσον
543 1177 612 1243 ἐστὶ
634 1188 680 1266 τῷ
704 1183 772 1243 ΛΘ
794 1180 1136 1267 παραλληλογράμμῳ.

74 1316 106 1363 10
193 1303 276 1386 ἐπεί,
308 1304 353 1380 ὡς
380 1305 417 1369 τὸ
446 1303 509 1368 ἀπὸ
536 1312 595 1387 της
617 1307 685 1367 ΑΒ
714 1304 797 1387 πρὸς
823 1304 860 1369 τὸ
889 1303 951 1367 ἀπὸ
978 1312 1038 1387 τῆς
1061 1307 1137 1388 ΓΔ,

123 1410 229 1485 οὕτως
251 1410 270 1492 ἡ
290 1415 356 1475 ΑΒ
374 1413 457 1495 πρὸς
475 1412 536 1494 την
555 1414 634 1495 ΑΗ,
653 1409 824 1475 τουτέστιν
841 1408 862 1492 ἡ
881 1414 945 1474 ΒΖ
964 1411 1048 1491 πρὸς
1067 1416 1137 1495 ΖΘ,

123 1514 195 1580 ἀλλ’
227 1516 271 1592 ὡς
297 1513 358 1600 μὲν
385 1518 422 1581 τὸ
451 1517 514 1582 ἀπὸ
542 1525 600 1600 τῆς
628 1521 694 1581 ΑΒ
721 1517 804 1601 πρὸς
831 1517 868 1581 τὸ
892 1515 955 1581 ἀπὸ
978 1524 1037 1600 τῆς
1060 1520 1137 1601 ΓΔ,

124 1621 229 1698 οὕτως
250 1623 287 1688 τὸ
311 1623 375 1687 ὑπὸ
395 1627 468 1706 ΒΖ,
488 1629 554 1687 ΖΑ
576 1625 659 1708 πρὸς
678 1624 715 1688 τὸ
735 1623 798 1688 ἀπὸ
818 1627 891 1705 ΕΖ,
914 1623 959 1699 ὡς
978 1620 1015 1687 δέ
1033 1622 1054 1706 ἡ
1074 1629 1138 1689 ΒΖ

123 1730 205 1815 πρὸς
229 1734 306 1813 ΖΘ,
335 1729 441 1807 οὕτως
467 1732 504 1795 τὸ
529 1731 595 1795 ὑπὸ
618 1734 694 1813 ΒΖ,
719 1734 784 1794 ΖΑ
807 1730 890 1815 πρὸς
912 1731 948 1794 τὸ
971 1729 1038 1796 ὑπὸ
1064 1736 1138 1815 ΘΖ,

71 1847 103 1895 15
124 1841 199 1920 ZA,
222 1835 370 1902 τουτέστι
389 1839 429 1902 τὸ
454 1843 486 1901 Α
493 1841 522 1901 Θ
543 1839 900 1922 παραλληλόγραμμον,
923 1837 960 1900 τὸ
984 1839 1050 1923 ἄρα
1072 1837 1137 1904 ἀπὸ

122 1952 179 2026 τῆς
197 1948 229 2007 E
234 1948 260 2006 Z
285 1950 358 2008 ἴσον
376 1942 445 2008 ἐστὶ
464 1953 508 2031 τῷ
529 1949 561 2007 Α
570 1948 611 2029 Θ,
630 1942 647 2007 ὃ
666 1943 859 2029 παράκειται
877 1944 966 2028 παρὰ
984 1944 1046 2027 την
1064 1950 1099 2008 A
1104 1949 1142 2010 H

121 2053 236 2135 τρίτην
264 2049 429 2132 ἀνάλογον
456 2050 577 2126 πλάτος
605 2053 680 2133 ἔχον
707 2051 768 2133 τὴν
791 2056 823 2114 A
830 2053 857 2113 Z
881 2049 1033 2115 ἐλλεῖπον
1056 2053 1137 2117 εῖδει

121 2165 166 2245 τῷ
189 2156 254 2220 ὑπὸ
278 2160 386 2220 ΗΚΘ
408 2156 511 2244 ὁμοίῳ
534 2165 580 2243 τῷ
602 2156 667 2220 ὑπὸ
691 2160 806 2220 ΗΑΒ.

187 2285 353 2345 καλείσθω
374 2278 410 2345 δέ
428 2279 448 2363 ἡ
467 2277 528 2365 μὲν
545 2284 610 2344 AB
629 2284 773 2362 πλαγία
791 2288 850 2343 τοῦ
870 2280 981 2356 εῖδους
998 2282 1137 2368 πλευραί,

70 2386 142 2468 2οη
167 2383 203 2450 δὲ
226 2391 303 2451 ΑΗ
322 2386 441 2473 ὀρθία
464 2395 524 2452 τοῦ
548 2387 658 2461 είδους
680 2385 815 2471 πλευραί.

192 2511 326 2575 Τούτων
350 2511 455 2587 οὕτως
477 2510 620 2595 ἐχόντων
639 2512 785 2595 φανερόν
805 2508 903 2591 ἐστιν,
925 2509 976 2574 ὅτι
995 2511 1015 2595 ἡ
1036 2517 1142 2579 ΑΒΓ

120 2625 180 2694 τοῦ
207 2619 388 2703 κυλίνδρου
412 2618 493 2700 τομη
518 2619 660 2693 ἔλλειψίς
683 2614 786 2680 ἐστιν·
815 2616 876 2680 ὅσα
899 2617 962 2702 γὰρ
987 2616 1138 2686 ἐνταῦθα

120 2731 160 2806 τῇ
188 2733 270 2806 τομῇ
303 2722 436 2807 ἐδείχθη
467 2722 673 2808 ὑπάρχοντα,
706 2722 813 2786 πάντα
846 2722 967 2806 ὁμοίως
998 2724 1056 2791 καλ
1084 2727 1139 2793 ἐπὶ

121 2837 180 2894 τοῦ
203 2829 314 2893 κώνου
338 2839 377 2914 τῇ
401 2828 542 2906 ἐλλείψει
564 2829 725 2914 ὑπῆρχεν,
750 2829 794 2905 ὡς
818 2828 854 2893 ἐν
877 2840 946 2905 τοῖς
968 2833 1140 2912 Κωνικοῖς

71 2949 104 2997 25
123 2938 291 3001 δείκνυται
320 2937 510 3021 θεωρήματι
542 2934 582 3000 ιε’
615 2947 685 3011 τοῖς
712 2933 910 3019 δυναμένοις
938 2935 1049 3019 λέγειν
1076 2944 1140 3027 την

124 3043 294 3129 ἀκρίβειαν
316 3052 377 3107 τοῦ
399 3045 627 3129 θεωρήματος,
650 3040 706 3106 καὶ
728 3041 820 3127 ἡμεῖς
843 3041 879 3106 ἐν
897 3053 967 3119 τοῖς
985 3047 1034 3122 είς
1053 3049 1140 3114 αὐτὰ

122 3150 334 3234 ὑπομνήμασι
357 3160 580 3235 γεωμετρικῶς
602 3147 824 3233 ἀπεδείξαμεν.

194 3380 467 3468 5.ΑΗ]εοοεε,μ,
523 3376 1012 3448 9.&n6]vcp,&-e00rr.m.1V.
1070 3383 1137 3456 ΕΖ]

124 3454 248 3504 ΕΤΖο.
323 3455 363 3504 10.
384 3447 456 3520 ἐπει]
476 3447 536 3502 ἐπεὶ
555 3446 607 3518 γάρ
626 3467 653 3516 p.
727 3453 768 3503 11,
791 3449 859 3519 ΖΘ]
879 3447 929 3516 τὴν
951 3451 1138 3524 ΖΘμῖουεω

111 3520 188 3571 πίιάί
201 3521 263 3576 fere
277 3523 349 3592 μυεῖ
366 3519 438 3592 πρός
456 3519 609 3576 articulum
627 3517 759 3589 οωὶῖῖαῖη.
817 3525 857 3573 13.
880 3523 928 3578 ΖΑ,
946 3551 983 3560 -
997 3523 1061 3595 BZ]
1080 3540 1138 3581 om.
