2430 3854
98 146 124 198 X
496 140 711 196 PRAEFATIO.

97 291 239 376 σερηνου
258 285 438 363 ἀντινσέως
456 289 645 372 φιλοσόφου
664 285 739 373 περὶ
757 287 939 373 κυλίνδρου
956 285 1032 375 (del.
1048 289 1114 352 alia

97 418 212 461 manus
232 399 265 460 et
283 396 398 460 κώνου
414 417 512 479 supra
531 394 663 478 scripsit
681 398 863 459 atramento
882 393 993 481 nigro)
1012 405 1115 480 τομῆς

97 504 239 588 adparet,
262 525 337 567 eum
360 524 379 564 a
397 500 428 565 V
451 501 600 586 pendere,
622 500 713 565 cuius
733 500 931 584 subscriptio
950 501 1055 566 libelli
1074 503 1114 567 de

98 609 241 674 sectione
261 608 399 693 cylindri
418 605 462 694 (u.
474 630 507 691 p.
526 604 602 694 166)
621 628 681 691 pro
699 606 798 671 titulo
816 606 893 671 libri
910 608 1113 692 insequentis

97 721 230 801 accepta
254 719 318 800 est,
349 715 434 778 sicut
456 714 556 778 etiam
579 714 614 778 in
636 737 667 778 w
689 714 813 778 factum
836 737 906 779 esse
924 715 1113 800 uidemus.¹)

97 846 171 889 curn
193 844 297 906 neque
322 844 338 886 e
361 843 382 886 v
407 842 511 904 neque
536 843 552 884 e
575 844 607 885 w
629 821 808 885 recentiore
837 822 1017 907 descriptus
1042 844 1114 887 esse

96 930 215 1014 possit,
248 929 317 993 sine
345 928 444 992 dubio
471 926 574 1011 ipsius
603 926 634 991 V
661 927 885 1013 apographum
914 933 972 993 est.
1021 929 1113 1013 prior

64 1122 65 1126 Ἰ
95 1059 171 1122 pars
205 1035 324 1101 codicis
357 1057 374 1098 e
401 1029 550 1098 Parisino
578 1035 666 1098 2472
700 1038 831 1118 sumpta
863 1040 913 1128 est
946 1034 1111 1121 (Euclidis

97 1166 170 1227 opp.
185 1142 250 1207 VII
267 1165 297 1226 p.
312 1140 431 1226 XXH).
466 1139 622 1205 Serenum
641 1139 787 1223 sequitur
805 1146 881 1225 post
899 1141 1112 1206 interuallum

96 1272 235 1334 paruum
261 1248 341 1313 haec
368 1252 460 1311 nota:
497 1257 567 1323 πῶς
599 1249 730 1330 ἔχοντες
760 1246 942 1332 δεδομένην
974 1249 1112 1314 εὐθεῖαν

97 1359 271 1441 ληψόμεθα
303 1356 365 1438 τὴν
396 1351 625 1439 περιφέρειαν,
657 1352 718 1437 ὑφ’
748 1353 791 1436 ἣν
818 1354 998 1434 ὑποτείνει;
1031 1360 1112 1440 λαμ-

96 1463 242 1548 βάνομεν
260 1464 321 1545 την
340 1463 473 1543 ἔγγιστα
492 1459 649 1525 ἐλάττονα
667 1470 726 1544 της
738 1459 955 1546 ὑποκειμένης
973 1461 1112 1527 εὐθεῖαν

95 1568 151 1634 καὶ
174 1570 236 1652 τὴν
259 1570 393 1650 ἔγγιστα
415 1570 548 1652 μείζονα
570 1564 626 1631 καὶ
649 1566 821 1651 ἐκτίθεμεν
843 1569 936 1643 ἰδίως
954 1570 1016 1652 τὴν
1033 1569 1112 1634 τού-

95 1700 163 1741 των
181 1676 360 1761 ὑπεροχήν·
385 1669 454 1738 εἶτα
475 1673 646 1757 ἐκτίθεμεν
669 1676 730 1757 την
750 1673 915 1759 ὑπεροχὴν
933 1685 1000 1739 τῶν
1019 1696 1111 1760 περι-

96 1794 240 1868 φερειῶν
264 1780 434 1868 (περιφερ-
457 1802 474 1844 e
496 1777 607 1866 corr),
630 1778 687 1864 ὑφ’
712 1779 750 1855 ug
772 1779 1017 1865 ὑποτείνουσιν,
1040 1776 1110 1846 εἶτα

94 1891 157 1972 την
170 1888 337 1974 ὑπεροχὴν
351 1896 409 1971 της
422 1884 639 1970 ὑποκειμένης
653 1886 787 1962 εὐθείας
804 1888 887 1972 πρὸς
900 1888 961 1971 τὴν
976 1890 1111 1970 ἔγγιστα

96 1995 255 2060 ε’λοίττονοι
278 1995 394 2078 αὐτῆς,
418 1991 474 2059 καὶ
492 1977 821 2077 Ιπολλοιπλοισιιίζομεν
844 1993 949 2077 αὐτὴν
972 1991 1025 2058 ἐπὶ
1047 1995 1110 2078 τὴν

93 2101 261 2187 ὑπεροχὴν
288 2112 356 2165 τῶν
382 2111 602 2185 περιφερειῶν
631 2097 801 2186 (περιφερ
829 2098 1026 2187 suprascr.)
1054 2099 1111 2165 καὶ

93 2210 153 2274 τὸν
176 2211 354 2292 γινόμενον
377 2206 524 2293 ἀριθμὸν
547 2209 719 2292 μερίζομεν
747 2207 836 2292 παρὰ
858 2208 920 2290 τὴν
943 2208 1111 2292 ὑπεροχὴν

95 2323 152 2397 τῆς
170 2307 319 2398 μείζονος
341 2311 397 2378 καὶ
416 2313 589 2389 ε’λοίττουος
612 2324 680 2378 τῶν
699 2313 842 2378 εὐθειῶν
864 2311 997 2379 καὶτὸν
1017 2317 1110 2396 γινό-

94 2443 195 2503 μενον
219 2420 365 2506 ἀριθμὸν
387 2424 610 2505 προστίθεμεν
632 2429 671 2505 τῇ
695 2419 844 2484 ἐλάττονι
868 2423 1068 2508 περιφερείᾳ.
1108 2434 1109 2437 ’

162 2545 229 2608 cod.
247 2543 348 2610 Paris.
369 2567 414 2630 gr.
435 2545 531 2627 2367,
555 2543 693 2608 chartac.
713 2566 793 2609 saec.
813 2544 891 2608 XVI
916 2543 1051 2631 (Omont
1075 2545 1109 2609 ΙΙ

93 2673 124 2734 p.
157 2647 251 2737 248).
320 2651 466 2714 continet
509 2648 665 2714 Serenum
707 2651 745 2715 de
787 2651 929 2716 sectione
971 2651 1109 2735 cylindri

93 2757 148 2820 fol.
171 2757 299 2840 1—291,
323 2757 361 2821 de
385 2756 528 2821 sectione
552 2756 625 2821 coni
648 2755 702 2821 fol.
725 2758 877 2821 291-69.
923 2757 979 2824 fol.
1001 2762 1017 2823 1
1043 2781 1108 2845 mg.

95 2886 163 2947 sup.
186 2863 307 2948 legitur
334 2864 440 2947 ῃ1510
463 2867 604 2928 mantuae
627 2863 756 2946 Andree
785 2863 934 2948 (loneri“;
966 2886 1030 2950 mg.
1050 2865 1108 2930 inf.

97 2990 310 2999 .—.—..——-—

167 3056 193 3125 1)
213 3056 246 3110 In
264 3073 290 3108 w
308 3054 386 3110 tituli
406 3058 471 3109 runt
485 3054 612 3123 -σερήνον
631 3052 782 3118 ἀντινσὲως
800 3055 957 3126 φιλοσόφου
975 3058 1040 3126 περὶ
1059 3079 1109 3113 κυ-

93 3125 209 3196 λίνδρου
227 3135 313 3196 τομῆς
331 3125 361 3178 in
379 3128 498 3194 utroque
517 3125 625 3195 libello,
645 3129 674 3180 et
692 3145 748 3196 mg.
766 3145 825 3196 sup.
841 3127 947 3197 legitur
965 3127 995 3182 in
1013 3128 1107 3198 priore

17 3258 19 3263 ,
94 3214 203 3287 βιβλίον
221 3223 248 3284 o'c,
268 3215 298 3269 in
318 3214 407 3268 altero
426 3213 534 3286 βιβλίον
553 3204 578 3286 d.
607 3215 637 3269 in
650 3215 826 3273 Vfol.1aa1¹
845 3215 950 3271 desinit
963 3215 994 3270 in
1013 3218 1028 3272 δ
1043 3219 1107 3287 περὶ

93 3288 157 3340 τοὺ·
174 3306 201 3356 p.
218 3292 339 3355 116,12,
359 3285 461 3341 deinde
479 3286 607 3341 f01,194r
626 3286 753 3355 sequitur
771 3306 840 3342 -των
858 3287 939 3357 λόγος
958 3305 1022 3342 cum
1041 3290 1108 3344 sub·

95 3358 245 3427 scriptione
265 3360 294 3412 et
309 3361 472 3412 ornamento
487 3357 578 3426 finali3
596 3358 627 3413 in
641 3359 741 3413 eadem
754 3357 861 3428 pagina
875 3358 977 3429 incipit
990 3359 1106 3415 libellus

89 3429 264 3482 desectione
275 3429 338 3483 coni
352 3428 412 3483 sinc
422 3428 516 3498 titulo,
530 3430 605 3483 unde
615 3445 701 3483 causa
711 3429 811 3484 erroris
821 3430 948 3498 adparet.
967 3430 1108 3487 Deuarius

70 3497 272 3552 correctiones
288 3517 360 3555 suas
379 3504 418 3571 (p.
435 3507 488 3558 116
503 3503 573 3571 not.)
592 3517 608 3556 e
626 3519 653 3555 w
669 3499 783 3571 petiuit,
801 3511 833 3554 ut
851 3500 931 3555 solet.

16 3568 29 3655 l
