2430 3854
122 180 186 244 164
346 226 350 233 .
429 183 517 235 ΠΕΡΙ
534 181 663 234 mor
681 183 818 236 ΤουΗΣ.

120 329 221 408 λόγον
248 327 334 408 ἔχειν
361 325 444 411 ἥπερ
471 326 533 409 τὴν
560 330 626 391 BA
653 327 737 412 πρὸς
760 331 793 389 A
799 328 835 390 F.
882 323 981 409 λέγω,
1015 323 1066 388 ὅτι
1094 324 1130 387 τὸ

119 436 221 497 AEZ
244 435 408 517 τρίγωνον
432 433 568 496 ἔλαττόν
591 430 658 497 ἐστι
682 440 741 497 τοῦ
764 434 872 496 ΑΒΓ.

187 536 255 604 ἐπεὶ
288 539 351 624 γὰρ
384 539 422 603 αλ
451 541 524 621 ΒΓ,
546 542 610 603 ΕΖ
647 545 715 603 λ’σαι
747 536 785 604 τέ
814 540 878 603 εἰσι
908 535 965 602 καὶ
997 539 1045 613 εἰς
1078 542 1130 601 ἴσα

120 644 305 732 διῄρηνται,
328 647 397 710 ἔστι
420 641 457 710 δὲ
480 642 535 709 καὶ
557 643 577 727 ἡ
596 650 673 709 AH
691 654 730 730 τῇ
752 651 785 709 A
792 649 821 710 Θ
844 651 909 729 λσρ,
931 641 987 709 καὶ
1010 645 1051 708 τὰ
1074 641 1128 708 ἀπ’

86 761 101 810 5
121 752 232 817 αὐτῶν
255 752 319 837 ἄρα
342 756 397 815 λσα
422 749 503 815 ἐστί·
535 751 575 814 τὰ
598 752 663 837 ἄρα
685 750 749 816 ἀπὸ
772 755 856 834 BH,
875 755 949 816 ΗΓ
967 751 1049 836 μετὰ
1072 759 1131 815 τοῦ

121 855 173 934 δὶς
200 856 264 922 ἀπὸ
293 861 370 921 ΛΗ
396 867 466 934 τοῖς
493 855 556 922 ἀπὸ
584 861 659 942 ΕΘ,
686 861 748 921 ΘΖ
779 857 859 943 μετὰ
890 866 950 922 τοῦ
983 855 1037 933 δὶς
1069 857 1131 921 ἀπὸ

123 968 184 1029 ΘΛ
208 968 263 1027 ἴσα
286 961 384 1028 ἐστίν.
421 962 505 1028 ἀλλὰ
527 975 597 1040 τοῖς
618 963 679 1047 μὲν
702 961 765 1028 ἀπὸ
785 967 863 1046 ΒΗ,
882 967 955 1028 ΗΓ
973 964 1054 1048 μετὰ
1073 973 1131 1027 τοῦ

121 1066 174 1146 δὶς
202 1068 265 1134 οάιὸ
288 1073 366 1134 AH
389 1075 445 1134 ἴσα
473 1066 542 1134 ἐστὶ
569 1070 610 1134 τὰ
636 1068 700 1135 ἀπὸ
728 1074 808 1154 BA,
827 1073 909 1135 AF·
941 1079 1041 1136 τοῦτο
1069 1071 1131 1153 γὰρ

123 1175 269 1260 ἐδείχθη·
298 1187 368 1252 τοῖς
390 1172 428 1240 δέ
451 1174 515 1240 οάιὸ
538 1179 614 1259 ΕΘ,
634 1180 696 1240 ΘΖ
719 1177 799 1261 μετὰ
821 1185 881 1241 τοῦ
905 1173 958 1252 δὶς
980 1176 1045 1241 ἀπὸ
1072 1181 1132 1241 ΘΛ

71 1295 104 1344 10
124 1289 179 1347 λ’σα
203 1279 271 1346 ἐστὶ
293 1282 333 1346 τδι
356 1280 419 1345 ἀπὸ
443 1286 520 1365 EA,
538 1286 572 1345 A
579 1286 619 1345 Z·
651 1280 706 1347 καὶ
730 1285 983 1368 συναμφότερον
1008 1284 1132 1368 ἄρατὸ

124 1389 187 1454 οάιὸ
206 1392 278 1471 BA,
292 1390 363 1452 AF
382 1387 620 1477 συναμφοτέρῳ
639 1399 684 1476 τῷ
704 1388 767 1454 ἀπὸ
785 1394 862 1473 EA,
876 1394 909 1453 A
916 1394 943 1453 Z
962 1395 1037 1454 ἴσον
1057 1389 1133 1454 ἐστι’.

122 1493 179 1560 καλ
202 1492 270 1560 ἐπεὶ
293 1494 313 1578 ἡ
338 1499 407 1559 EA
433 1496 517 1581 πρὸς
539 1500 572 1559 A
579 1500 606 1559 Z
633 1499 764 1580 μείζονα
787 1498 887 1578 λόγον
915 1498 980 1578 ἔχει
1007 1495 1133 1582 ἤπερὴ

124 1607 192 1666 BA
213 1601 296 1686 πρὸς
318 1603 393 1682 AF,
421 1598 476 1665 καὶ
499 1602 537 1666 τὸ
560 1603 624 1687 ἄρα
647 1600 711 1667 ἀπὸ
734 1610 792 1685 τῆς
814 1607 881 1667 EA
902 1603 986 1689 πρὸς
1009 1604 1046 1667 τὸ
1070 1602 1133 1667 ἀπὸ

124 1717 182 1792 τῆς
199 1713 232 1772 A
239 1713 266 1772 Z
289 1711 421 1792 μειζονα
443 1710 544 1790 λόγον
566 1711 632 1792 ἔχει
654 1709 736 1793 ἥπερ
759 1709 796 1774 τὸ
820 1707 883 1773 ἀπὸ
902 1713 969 1773 BA
991 1709 1076 1795 πρὸς
1096 1711 1134 1773 τὸ

74 1825 107 1874 15
126 1813 190 1880 ιάιὸ
217 1817 291 1879 AF.
345 1812 415 1881 ἐπεὶ
447 1810 509 1880 οὖν
541 1816 602 1880 δύο
632 1821 714 1880 ἴσων
740 1821 892 1899 μεγεθῶν
920 1823 980 1880 τοῦ
1007 1838 1042 1880 τε
1071 1814 1134 1879 ἀπὸ

126 1921 379 2007 συναμφοτέρου
397 1930 456 2005 τῆς
469 1925 544 2004 BA,
558 1924 628 1985 AF
643 1919 699 1986 καὶ
716 1930 777 1986 τοῦ
796 1920 860 1987 ἀπὸ
880 1920 1134 2006 συναμφοτέρου

126 2037 183 2111 τῆς
197 2032 280 2111 -EA,
298 2033 331 2093 Δ
338 2033 365 2092 Ζ
387 2029 424 2093 τὸ
448 2031 558 2112 μεῖζον
580 2037 689 2113 τμῆμα
710 2029 793 2114 πρὸς
815 2030 853 2093 τὸ
871 2031 1017 2111 ἔλαττον,
1040 2051 1134 2093 τουτ-

126 2131 195 2198 έστι
217 2133 254 2198 τὸ
278 2133 341 2198 ἀπὸ
360 2139 427 2199 EA
448 2136 532 2217 πρὸς
553 2136 590 2199 τὸ
614 2133 678 2200 ἀπὸ
696 2139 729 2198 A
736 2138 773 2218 Z,
796 2138 927 2219 μείζονα
950 2137 1051 2216 λόγον
1071 2137 1135 2218 ἔχει

125 2240 208 2326 ἥπερ
239 2240 277 2304 ’τὸ
309 2249 370 2304 τοῦ
404 2246 522 2306 λοιποῦ
554 2249 663 2325 τμῆμα
693 2242 777 2327 ιιρὸς
807 2242 844 2305 τὸ
872 2241 989 2306 λοιτιὸν
1016 2250 1135 2325 τμῆμα,

73 2357 109 2405 20
127 2343 276 2410 τουτέστι
303 2347 341 2411 τὸ
370 2345 433 2412 ἀπὸ
456 2351 523 2411 BA
550 2349 634 2433 πρὸς
659 2348 696 2413 τὸ
725 2346 788 2412 ἀπὸ
812 2350 888 2431 AF,
919 2349 956 2412 τὸ
984 2345 1044 2431 μὲν
1072 2350 1136 2433 ἄρα

127 2451 191 2517 ιἰιιὸ
214 2456 281 2515 EA
308 2451 465 2537 μέγιστον
494 2453 534 2519 δν
556 2457 665 2538 μεῖζόν
689 2452 778 2519 ἐστιν
801 2452 955 2540 ἑκατέρου
980 2465 1048 2518 τῶν
1072 2454 1136 2519 ἀπὸ

127 2562 207 2641 BA,
226 2556 301 2641 AF,
332 2561 369 2624 τὸ
392 2557 430 2625 δὲ
454 2560 517 2626 ἀπὸ
540 2565 607 2624 ΔΖ
630 2560 801 2644 ἐλάχιστον
824 2559 863 2624 δν
886 2563 1023 2625 ἔλαττόν
1045 2560 1137 2626 ἐστιν

128 2663 282 2749 ἑκατέρου
304 2674 372 2732 τῶν
396 2666 459 2731 ἀπὸ
479 2671 552 2750 BA,
570 2670 641 2731 AF
660 2666 715 2731 διὰ
737 2675 797 2730 τοῦ
819 2667 884 2753 πρὸ
907 2669 1027 2732 τούτου
1050 2675 1136 2732 θεω-

128 2768 282 2856 ρήματος·
314 2769 370 2836 καὶ
396 2771 417 2855 ἡ
441 2769 501 2856 μὲν
522 2776 591 2837 EA
619 2775 683 2856 ἄρα
706 2771 859 2859 ἑκατέρας
886 2784 953 2838 τῶν
976 2778 1052 2858 BA,
1071 2778 1142 2839 AF

75 2887 109 2936 25
128 2879 246 2960 μείζων
265 2876 364 2961 ἐστίν,
383 2879 404 2962 ἡ
424 2875 461 2943 δέ
473 2883 507 2942 A
513 2883 540 2942 Z
560 2877 712 2965 ἑκατέρας
730 2889 797 2944 τῶν
810 2883 883 2963 BA,
897 2883 968 2944 AF
984 2879 1137 2947 ἐλάττων.

128 2982 145 3049 ὁ
170 2985 233 3071 ἄρα
251 2981 377 3072 κέντρῳ
396 2981 457 3069 μὲν
475 2995 520 3074 τῷ
534 2989 573 3069 Β,
597 2986 791 3070 διαστήματι
815 2982 852 3050 δέ
869 2995 915 3073 τῷ
935 2992 995 3074 λ’σφ
1014 2999 1053 3073 τῇ
1071 2994 1138 3053 EA

128 3092 337 3176 γραφόμενος
359 3092 481 3168 κύκλος
507 3091 736 3178 ὑπερπεσεϊται
759 3093 819 3175 τὴν
842 3097 871 3157 Β
878 3099 910 3157 Α
916 3113 923 3128 ·
954 3095 1138 3180 γεγράφθω

129 3196 146 3262 ὁ
167 3199 247 3261 ΚΛ·
270 3194 326 3262 καὶ
348 3195 366 3263 ὁ
390 3195 515 3286 κέντρῳ
539 3194 599 3282 μὲν
617 3207 662 3286 τῷ
683 3201 720 3281 Γ,
743 3199 937 3283 διαστήματι
956 3195 993 3264 δὲ
1010 3210 1057 3288 τῷ
1078 3207 1138 3288 λ’σφ

130 3311 170 3387 τῇ
192 3307 259 3367 AZ
282 3306 491 3390 γραφόμενος
513 3304 634 3381 κύκλος
655 3316 746 3388 τεμεῖ
766 3306 826 3389 τὴν
849 3308 931 3369 AF·
957 3307 1139 3392 γεγράφθω

198 3465 222 3514 σ.
243 3459 314 3533 ἀνά]
332 3459 390 3516 ἀπὸ
408 3469 464 3517 τῶν
481 3478 509 3532 p,
528 3464 561 3515 ut
579 3477 694 3531 semper.
754 3466 777 3516 7.
798 3463 861 3533 ΘΔ]
875 3469 901 3517 A
907 3465 932 3518 Θ
949 3481 976 3531 p.
1032 3469 1056 3518 9.
1078 3467 1140 3536 ΘΔ]

108 3531 176 3583 ΔΘ
185 3548 217 3599 μ.
296 3538 338 3589 11.
360 3533 421 3590 ἀντό
436 3534 633 3608 (utrumque)]
649 3533 707 3588 ἀπὸ
724 3540 775 3603 τῆς
789 3550 821 3601 υ·
895 3539 942 3585 st·
957 3534 980 3599 ἦ
994 3539 1046 3585 M
1061 3536 1147 3604 πυόέλ
