2430 3854
118 177 162 242 56
388 180 476 231 ΠΕΡΙ
493 179 707 233 ΚΤΔΙΝΔΡΟΤ
724 180 861 236 ΤΟΜΗΣ.

120 321 138 386 ὃ
166 319 409 407 παραβέβληται
436 323 525 408 παρδι
552 325 613 407 τὴν
640 326 755 409 τρίτην
782 323 947 406 ἀνοίλογον
973 326 1035 407 τὴν
1066 328 1139 389 ΓΗ

119 429 242 505 πλάτος
273 431 348 512 ἔχον
379 431 441 512 τὴν
474 432 540 494 ΖΓ
567 429 717 496 ἐλλεῖπον
749 432 829 495 είδει
859 439 904 519 τῷ
931 431 996 495 ὑπὸ
1027 435 1139 496 &KH

121 535 223 623 ὁμοίω
246 545 292 624 τῷ
315 535 381 600 ὑπὸ
404 541 437 599 A
444 538 523 600 ΓΗ·
548 537 628 622 ἅπερ
653 538 719 602 ἔδει
743 534 854 614 δεῖξαι.

192 646 300 706 Ταῦτα
323 640 510 726 σαφέστατα
532 645 779 729 παρηκολούθει
802 652 841 728 τῇ
865 643 1006 722 ἐλλείψει
1031 644 1068 710 ἐν
1084 655 1133 735 τῷ

86 745 163 812 οιέ
196 750 387 834 θεωρηματι
418 759 485 813 τῶν
517 753 692 814 Κωνικῶν·
725 753 867 827 ἔλλειψις
897 751 960 836 ἄρα
991 749 1083 816 ἐστὶν
1115 752 1136 836 η

121 858 226 919 ΑΒΓ
243 855 325 938 τομὴ
344 863 403 919 τοῦ
422 856 613 941 κυλίνδρου.

568 1097 569 1100 =
598 1051 658 1116 ιθ’.

186 1175 263 1242 Ἐδιν
293 1176 329 1242 έν
355 1177 537 1262 κυλίνδρου
565 1186 647 1261 τομῇ
671 1175 798 1240 εὐθεῖαι
824 1175 975 1260 ἀχθῶσιν
998 1174 1053 1241 ἐπὶ
1076 1179 1138 1261 τὴν

123 1283 300 1369 διοίμετρον
320 1281 532 1366 τεταγμένως,
556 1285 646 1348 ἔσται
669 1283 709 1346 τδι
732 1280 787 1346 ἀπ’
813 1282 924 1347 αὐτῶν
947 1283 1138 1368 τετροίγωνα

72 1402 105 1450 10
123 1391 206 1475 πρὸς
228 1385 289 1472 μὲν
311 1391 351 1454 τδι
373 1392 586 1475 περιεχόμενα
609 1392 713 1475 χωρία
735 1388 801 1453 ὑπὸ
820 1399 886 1453 τῶν
905 1388 1137 1473 ἀπολαμβανο-

122 1492 232 1579 μένων
262 1493 320 1560 ὑπ’
347 1495 456 1560 αὐτῶν
483 1497 566 1582 πρὸς
580 1507 664 1571 ’τοῖς
690 1493 809 1581 πέρασι
832 1504 889 1579 τῆς
912 1499 1054 1578 πλαγίας
1076 1504 1136 1560 τοῦ

123 1602 234 1678 είδους
260 1606 419 1688 πλευρᾶς,
449 1602 494 1679 ὡς
516 1611 576 1667 τοῦ
599 1603 710 1678 είδους
732 1602 752 1686 ἡ
775 1602 877 1687 ὀρθία
904 1603 1032 1686 πλευρὰ
1054 1603 1138 1688 πρὸς

123 1710 184 1791 τὴν
206 1711 359 1792 πλαγίαν,
382 1709 464 1795 πρὸς
488 1707 587 1773 ἕαυτολ
611 1708 657 1792 δέ,
678 1709 722 1785 ὡς
740 1709 781 1773 τὰ
798 1711 1012 1794 περιεχόμενα
1031 1711 1138 1794 χωρία

122 1814 187 1880 ὑπὸ
211 1826 288 1899 τῶν,
312 1816 356 1892 ὡς
379 1821 519 1901 είρηται,
543 1813 801 1899 λαμβανομένων
823 1815 975 1879 εὐθειῶν.

71 1933 104 1982 15
191 1924 272 1986 ἔστω
296 1923 478 2006 κυλίνδρου
501 1922 583 2006 τομὴ
606 1920 626 2003 ἡ
646 1924 797 2004 ΑΒΓΔ,
821 1921 994 2006 διάμετρος
1018 1917 1055 1984 δὲ
1078 1921 1139 1985 αὐ,

122 2036 180 2110 τῆς
207 2027 227 2110 ἡ
256 2033 325 2091 ΛΔ
352 2026 407 2091 καὶ
434 2031 556 2110 πλαγία
583 2029 709 2113 πλευρὰ
736 2036 796 2091 τοῦ
824 2028 949 2109 είδους,
972 2027 1077 2112 ὀρθία
1102 2023 1139 2091 δὲ

123 2141 183 2197 τοῦ
202 2134 313 2210 είδους
330 2135 456 2219 πλευρδι
474 2132 494 2216 ἡ
514 2137 600 2217 ΛΗ,
618 2132 673 2198 καί
692 2132 745 2198 ε’πλ
763 2135 824 2217 τὴν
844 2139 876 2197 Δ
882 2141 914 2197 Δ
932 2131 1140 2216 τεταγμένως

123 2241 282 2323 ἤχθωσαν
306 2242 342 2304 αί
363 2244 437 2324 ΒΕ,
458 2243 526 2304 ΖΓ.
570 2239 665 2324 λέγω,
689 2240 799 2305 ὅτιτὸ
822 2237 882 2324 μέν
905 2239 968 2304 ἀπὸ
992 2248 1050 2322 τῆς
1074 2243 1142 2303 ΒΕ

123 2346 205 2427 πρὸς
228 2347 265 2411 τὸ
288 2346 352 2411 ὑπὸ
371 2358 438 2411 τῶν
457 2352 532 2429 ΑΒ,
551 2352 619 2411 ΕΔ
637 2345 736 2429 ἐστιν,
760 2346 804 2422 ὡς
822 2345 842 2428 ἡ
861 2350 933 2411 ΗΑ
955 2347 1039 2431 πρὸς
1057 2352 1140 2429 ΑΔ,

72 2465 106 2514 20
124 2452 162 2516 τὸ
186 2449 222 2516 δὲ
245 2451 309 2517 ἀπὸ
332 2463 389 2537 τῆς
411 2457 477 2517 ΒΕ
497 2455 580 2539 πρὸς
602 2453 639 2517 τὸ
664 2452 727 2517 ἀπὸ
751 2461 808 2536 τῆς
827 2455 888 2516 ΓΖ
908 2452 1007 2535 ἐστιν,
1032 2453 1077 2529 ὡς
1102 2454 1141 2517 τὸ

124 2557 189 2622 ὑπὸ
213 2564 317 2623 ΑΕΔ
339 2561 422 2645 πρὸς
444 2561 481 2623 τὸ
504 2560 569 2624 ὑπὸ
592 2564 705 2624 ΑΖΔ.

192 2663 261 2729 ἐπεὶ
285 2666 358 2752 γοίρ,
381 2665 426 2741 ὡς
447 2666 485 2729 τὸ
509 2664 572 2729 ἀπὸ
596 2674 653 2748 τῆς
677 2662 831 2751 δευτέρας
853 2663 1033 2750 διαμέτρου
1056 2666 1144 2751 πρὸς

125 2771 162 2834 τὸ
187 2769 250 2835 ἀπὸ
269 2780 327 2854 τῆς
350 2769 537 2857 διαμέτρου,
562 2771 667 2848 οὕτως
689 2775 726 2836 τό
749 2795 784 2836 τε
808 2771 871 2836 ἀπὸ
892 2780 949 2854 τῆς
966 2774 1034 2834 ΒΕ
1056 2773 1143 2858 πρὸς

125 2877 163 2942 τὸ
185 2875 251 2941 ὑπὸ
275 2882 380 2942 ΑΒΔ
401 2876 457 2942 καί
479 2878 499 2960 ἡ
519 2882 595 2942 ΔΗ
613 2877 715 2964 ὀρθία
738 2879 864 2964 πλευρδι
886 2878 969 2962 πρὸς
987 2878 1050 2960 τὴν
1070 2884 1143 2943 ΑΔ

75 2995 109 3044 25
129 2986 287 3066 πλαγίαν,
314 2983 360 3060 ὡς
387 2986 450 3070 ἄρα
478 2983 498 3066 ἡ
526 2984 627 3069 ὀρθία
654 2984 737 3066 πρὸς
763 2986 823 3068 την
846 2986 1004 3066 πλαγίαν,
1034 2983 1145 3062 οὕτως

201 3184 225 3234 3
245 3177 370 3246 ἅπερ-
388 3177 490 3248 δεῖξαι]
515 3193 568 3231 om.
586 3195 613 3246 p.
704 3185 728 3231 4.
753 3178 857 3248 ταῦτα]
881 3176 1038 3231 καὶταῦτα
1059 3175 1092 3232 δέ
1115 3197 1145 3260 p

164 3256 187 3305 6.
207 3249 304 3321 ΑΒΓ]
324 3252 449 3329 Α ΓΒΡ
515 3245 684 3329 κυλίνδρου]
697 3248 753 3303 des
773 3247 822 3302 fol.
844 3253 911 3301 175γ
928 3247 1001 3301 med.
1021 3248 1057 3318 V,
1076 3249 1145 3304 reh-

126 3338 183 3388 qua
201 3337 266 3390 pars
284 3335 406 3413 ηαμακερ
429 3321 584 3386 uacat31n
601 3337 656 3388 mg
676 3318 725 3374 inf
744 3337 780 3373 m.
801 3325 829 3374 2:
858 3319 931 3387 ζήτει
947 3319 979 3373 τὸ
999 3293 1147 3390 ἐπέμενον

127 3392 181 3460 πρδ
201 3392 366 3461 (μίλλωνὲἷ-Ι
382 3391 412 3446 ’.
502 3398 541 3445 14.
564 3387 795 3461 λαμβανομένων]
815 3341 1145 3462 ἀπολαμβανομένωνχ).

162 3464 482 3535 mmmmm
558 3468 598 3516 18
621 3463 805 3532 τηειρ
880 3467 920 3515 19
940 3462 1093 3532 ΑΔ]ΑΔ
1112 3465 1146 3518 τι

110 3528 148 3581 δέ
165 3533 226 3586 dm>
245 3554 296 3603 της
310 3539 366 3590 ΓΖ
385 3533 457 3606 πρὸς
471 3533 502 3590 τὸ
517 3533 572 3589 υπὸ
587 3542 643 3589 τῶν
658 3536 720 3602 ΛΖ,
735 3533 819 3587 ΖΔ
807 3532 876 3600 ωςὴ
891 3536 942 3586 ΗΑ
961 3533 1033 3600 πρὸς
1047 3541 1099 3590 ΛΔ
1117 3553 1147 3607 p.
