2444 3856
124 153 190 215 232
441 154 528 203 ΠΕΡΙ
546 153 675 206 Κιεωον
693 154 829 205 ΤοΜΗΣ,

126 298 164 361 αί
186 301 267 379 ΖΗ,
298 300 375 361 ΚΘ·
404 299 554 379 γίνονται
582 298 623 380 δὴ
653 298 690 359 αί
710 301 791 378 ΔΕ,
822 299 903 378 ΖΗ,
934 298 1002 359 ΘΚ
1026 295 1142 377 βάσεις

125 405 299 486 τριγώνων
336 403 392 467 διά
428 413 488 467 τοῦ
520 401 637 480 ἄξονος
668 401 829 486 ἠχμένων.
884 403 1045 485 ἤχθωσαν
1078 397 1140 466 οὖν

125 509 262 574 κάθετοι
290 509 353 574 ἀπὸ
381 518 440 574 τοῦ
470 516 502 574 A
530 507 583 574 ἐπὶ
609 509 667 584 τάς
690 513 771 592 ΔΕ,
801 513 882 592 ΖΗ,
913 511 981 573 ΘΚ
1005 508 1141 583 εὐθείας

127 618 164 680 αί
175 620 257 698 AB,
271 620 355 700 AA,
369 621 459 681 AM·
479 615 611 701 ὅτιγὰρ
631 614 648 680 ὁ
668 611 728 698 μὲν
742 620 809 679 AB
827 613 915 692 άξων
932 616 1016 700 πρὸς
1033 613 1140 697 ὀρθάς

91 723 196 788 ὅέστι
219 731 258 808 τῇ
277 727 358 806 ΔΕ,
382 725 419 787 αί
436 719 472 787 δὲ
490 727 573 805 AA,
592 725 675 786 AM
686 722 822 786 κάθετοι
841 719 894 785 ἐπὶ
911 722 951 785 τά
970 725 1054 803 ΒΗ,
1074 724 1144 784 ΒΚ

127 829 209 915 μέρη
232 833 421 912 πίπτουσιν,
446 827 518 912 ἑξῆς
541 829 759 911 δειχθήσεται.
800 826 884 909 λέγω
906 828 958 910 δή,
982 827 1033 890 ὅτι
1052 828 1092 891 τά
1111 831 1139 890 Β

127 935 183 1001 καὶ
214 941 246 1001 A
277 933 333 1000 καὶ
364 940 409 1002 Μ
436 947 552 1019 σημεῖα
585 933 638 1000 ἐπὶ
670 932 743 1009 ἑνὸς
774 935 899 999 κύκλον
930 937 1141 1019 περιφερείας

129 1043 229 1125 ε’στίν,
253 1039 294 1107 οὗ
318 1043 491 1127 διάμετρός
515 1042 605 1107 ἐστιν
627 1041 647 1124 ἡ
672 1045 739 1106 ΒΓ
757 1041 881 1106 εὐθεῖα.

196 1148 444 1232 ἐπεζεύχθωσαν
486 1152 522 1214 αί
557 1153 635 1231 ΓΛ,
672 1152 753 1213 ΓΜ.
811 1147 881 1213 ἐπεὶ
922 1144 984 1214 οὖν
1019 1146 1039 1229 ἡ
1073 1150 1142 1210 ΑΛ

75 1266 110 1314 10
128 1257 267 1332 κάθετος
296 1252 348 1320 ἐπὶ
375 1256 436 1338 τὴν
465 1259 547 1339 ΖΗ,
576 1255 663 1339 ὀρθὴ
692 1256 755 1339 άρα
784 1253 873 1318 ἐστὶν
900 1253 920 1336 ἡ
948 1254 1013 1318 ὑπὸ
1039 1258 1140 1317 ΖΛΑ

129 1367 242 1445 γωνία.
288 1363 389 1426 πάλιν
417 1359 486 1425 ἐπεὶ
513 1361 533 1443 ἡ
557 1367 589 1424 Α
596 1364 628 1425 Γ
650 1361 791 1436 κάθετός
819 1359 909 1425 ἐστιν
937 1360 989 1425 ἐπὶ
1016 1362 1053 1425 τὸ
1083 1370 1141 1444 τῆς

130 1469 256 1551 βάσεως
270 1467 435 1549 ἐπίπεδον,
450 1465 552 1552 ὀρθαὶ
566 1469 630 1552 άρα
644 1469 681 1531 αί
691 1467 757 1532 ὑπὸ
771 1471 886 1550 ΑΓΒ,
900 1472 1016 1551 ΑΓΛ,
1031 1471 1146 1532 ΑΓΜ

129 1577 260 1656 γωνίαι·
298 1575 381 1637 ὥστε
417 1571 486 1638 ἐπεὶ
522 1576 559 1638 τὸ
596 1570 656 1658 μὲν
690 1574 753 1638 άπὸ
786 1583 844 1657 τῆς
875 1579 941 1638 AB
974 1586 1044 1651 τοῖς
1075 1575 1140 1639 άπὸ

130 1683 210 1763 BA,
229 1683 297 1744 AA
316 1685 399 1762 ίσον,
423 1681 459 1744 τὸ
479 1677 516 1745 δὲ
535 1680 599 1745 άπὸ
619 1685 687 1745 AA
704 1693 774 1756 τοῖς
793 1680 856 1745 άπὸ
876 1685 953 1765 ΛΓ,
973 1685 1038 1746 FA
1057 1688 1140 1763 ἴσον,

76 1797 111 1845 15
131 1789 167 1852 τὸ
200 1787 264 1871 άρα
297 1785 360 1850 άπὸ
392 1795 450 1869 τῆς
477 1791 543 1851 AB
572 1799 641 1862 τοῖς
669 1786 732 1851 άπὸ
760 1791 840 1870 ΒΛ,
868 1791 947 1870 ΛΓ,
976 1792 1039 1852 ΓΑ
1068 1794 1142 1852 ίσον

131 1893 231 1959 ἐστίν.
282 1895 351 1958 ἔστι
379 1889 414 1957 δὲ
442 1892 594 1979 καὶτοῖς
622 1892 685 1958 άπὸ
713 1897 789 1976 ΒΓ,
819 1897 883 1958 FA
911 1900 984 1958 ίσον
1011 1895 1048 1958 τὸ
1077 1895 1142 1958 άπὸ

130 2004 286 2083 τῆςΒΑ·
309 2001 349 2063 τά
370 2001 434 2084 άρα
453 1999 516 2063 άπὸ
536 2003 613 2083 ΒΓ,
633 2003 698 2064 FA
717 2011 787 2076 τοῖς
806 2000 968 2082 άπὸΒΛ,
987 2004 1061 2083 ΛΓ,
1083 2004 1142 2064 ΓΑ

132 2112 187 2171 ίσα
216 2105 293 2170 ε’στί.
339 2107 453 2170 κοινὸν
482 2105 668 2191 ἀφῃρήσθω
692 2109 729 2171 τὸ
754 2106 817 2172 ἀπὸ
842 2111 914 2171 FA·
937 2109 1055 2171 λοιπὸν
1079 2110 1142 2192 άρα

131 2214 169 2276 τὸ
198 2211 261 2276 ἀπὸ
285 2215 352 2276 ΒΓ
376 2218 450 2277 ἴσον
478 2209 547 2277 ἐστὶ
573 2224 643 2288 τοῖς
667 2211 730 2276 άπὸ
754 2217 834 2296 ΒΛ,
864 2217 939 2277 ΛΓ·
967 2213 1055 2299 ὀρθὴ
1079 2215 1143 2297 άρα

205 2373 229 2422 1.
249 2367 281 2421 αἱ
293 2368 365 2439 (pr.)]
385 2368 548 2440 διήχθωσαν
564 2367 612 2422 διὰ
625 2377 674 2422 τοῦ
689 2373 711 2421 Β
726 2369 756 2422 αἱ
773 2388 800 2438 p.
855 2369 923 2440 ΚΘ]
941 2372 1000 2424 ΘΚ
1014 2388 1041 2438 p.
1096 2371 1143 2441 δή]

133 2436 165 2493 δέ
184 2456 206 2494 ο,
273 2439 378 2512 βάσεις]
398 2457 444 2509 cp,
464 2456 532 2494 corr.
553 2455 587 2492 ex
606 2437 686 2510 βάσις
702 2458 739 2494 m.
761 2447 774 2493 1
794 2440 828 2508 V,
847 2437 927 2510 βάσις
945 2459 970 2494 v.
1044 2447 1069 2494 4.
1089 2441 1143 2510 γὰρ

134 2507 225 2582 ὁμέν]
246 2507 296 2579 μὲν
311 2506 363 2566 οὖν
378 2511 392 2565 ὁ
410 2530 436 2580 p.
492 2516 516 2565 6.
536 2508 616 2581 μέρη]
637 2508 705 2580 μέρη
720 2520 774 2566 τῶν
791 2515 854 2579 ΖΗ,
870 2513 928 2565 ΘΙ(
943 2529 970 2579 p.
1026 2514 1144 2566 πίπτον-

134 2583 190 2652 σιν]
213 2579 395 2635 πιπίπιονσιν
413 2582 446 2635 V.
538 2587 562 2635 8.
590 2579 677 2652 ἐστίν]
701 2579 771 2637 εἰσίν
793 2601 820 2651 p.
908 2583 1019 2653 εὐθεῖα]
1044 2599 1097 2636 om.
1117 2602 1143 2652 p.

170 2658 194 2705 9.
216 2653 276 2722 FA]
295 2671 322 2721 p,
343 2656 392 2705 ΓΑ
411 2651 486 2706 ch.
547 2659 588 2707 10.
608 2651 741 2724 κάθετος]
760 2652 882 2715 κάθετός
901 2652 974 2708 ἐστιν
992 2672 1019 2722 p.
1076 2653 1143 2726 άρα]

133 2738 205 2791 vop,
224 2743 257 2775 -α
277 2722 366 2791 suppl.
385 2740 421 2776 m.
440 2739 493 2776 rec.
514 2723 547 2778 V.
604 2722 689 2796 ἐστίν]
709 2741 780 2794 vop,
800 2724 869 2778 ἐστί·
888 2740 967 2779 suan.
983 2724 1017 2794 V,
1037 2730 1055 2792 †
1072 2725 1145 2780 ἐστιν

133 2810 189 2861 mg.
205 2811 241 2847 m.
256 2809 309 2846 rec.
367 2793 457 2863 ZAA]
474 2812 502 2863 p,
524 2799 603 2849 ZAA
620 2795 674 2850 Vc.
738 2795 1044 2866 11,ἐπεί]οοοιτ.ρ.
1102 2802 1143 2851 12.

135 2861 239 2934 ὀρθαί]
259 2862 333 2931 ὀρθή
349 2874 377 2932 p.
437 2863 700 2937 αἱ-13.χωνίαι]
720 2867 793 2922 ἐστίν
812 2865 829 2936 ἡ
849 2866 904 2921 ὑπὸ
924 2871 1010 2921 ΒΓΑ.
1045 2867 1093 2922 διὰ
1112 2867 1146 2920 τὰ

135 2933 207 2989 αὐτὰ
226 2933 262 3004 δὴ
281 2934 330 2988 καὶ
349 2932 467 3003 ἑκατέρα
486 2946 541 2992 τῶν
558 2938 613 2992 ὑπὸ
633 2943 718 3008 ΑΓΛ,
732 2943 827 2992 AFM
840 2938 915 3008 ὀρθή
929 2938 1003 2992 ἐστιν
1021 2956 1048 3006 p.
1104 2944 1145 2992 12.

134 3006 230 3076 ΑΓΒ]
250 3009 328 3060 ΑΓΔ
345 3006 371 3060 V
394 3008 463 3060 etA
487 3023 567 3063 euan.
587 3026 614 3078 ο,
643 3026 712 3065 corr.
732 3009 836 3064 Comm.
930 3015 970 3064 13.
994 3011 1064 3081 τοῖς]
1085 3008 1146 3064 ίσον

135 3077 192 3131 ἐστὶ
210 3085 269 3140 τοῖς
286 3096 313 3146 p.
403 3077 461 3132 ἀπό
476 3079 558 3150 (al’s.)]
577 3080 634 3134 ἀπὸ
653 3090 708 3135 τῶν
725 3100 758 3151 p,
781 3083 814 3135 us
838 3097 946 3150 semper
963 3081 1029 3134 fere.
1105 3087 1146 3134 14.

134 3153 187 3203 ΛΑ
198 3150 271 3220 (pr.)]
290 3153 312 3201 A
331 3164 346 3202 e
366 3165 434 3204 corr.
453 3169 480 3219 p.
554 3149 627 3223 ίσον]
646 3168 699 3205 om.
718 3171 746 3221 p.
812 3151 869 3206 ἀπό
884 3153 957 3222 (pr.)]
976 3151 1032 3205 ἀπὸ
1052 3159 1101 3220 τῆς
1118 3170 1146 3220 p.

170 3221 242 3292 AF]
264 3220 607 3276 Fsustulitlacunainc.
664 3224 726 3293 ΓΑ]
739 3242 767 3292 p,
787 3228 838 3277 ΛΑ
853 3224 905 3278 Vc.
962 3221 1035 3293 ίσον]
1053 3239 1107 3276 om.
1118 3242 1145 3292 p.

157 3291 355 3415 ι15.ΑΒᾸΒΑ
368 3310 396 3360 p.
453 3294 514 3364 ΓΑ]
528 3311 556 3361 p,
576 3298 627 3346 ΛΑ
641 3294 694 3347 Vc.
751 3291 1021 3418 16.5c5vlv,]ssss'l'·c.
1077 3295 1147 3365 τοῖς]

135 3363 179 3416 b1s
197 3382 226 3432 p,
246 3378 275 3416 se
315 3379 383 3417 corr.
458 3369 498 3417 17.
519 3367 575 3416 ΒΓ
609 3364 715 3433 scripsi,
734 3373 783 3434 τῆς
801 3369 857 3418 ΒΓ
902 3382 948 3433 cp.
1011 3366 1081 3435 τοῖς]
1101 3364 1148 3418 ίσα

137 3434 189 3487 εἰσὶ
207 3443 267 3496 τοῖς
282 3451 311 3502 p.
386 3435 449 3505 ΓΑ]
467 3453 495 3504 p,
514 3439 566 3488 ΛΑ
616 3451 638 3489 ο.
715 3441 754 3489 18.
775 3434 821 3489 ίσα
840 3435 912 3507 ἐστί]
932 3453 985 3489 om.
1004 3454 1031 3504 p.
1105 3441 1149 3490 19,

122 3505 198 3572 wls]
213 3503 324 3576 sampsi,
346 3511 385 3580 τῷ
406 3505 482 3577 ch.
559 3504 630 3580 ἄρα]
650 3505 706 3577 ἄρα
726 3504 796 3562 ἐστίν
814 3525 844 3576 p.
